3382 4794
611 503 830 578 μ.13..ἃ

126 715 163 776 ut
187 727 314 792 semper
340 708 420 788 lere,
440 706 487 774 sic
511 707 608 774 etlam
633 709 666 776 in
691 709 752 774 bac
773 728 809 774 re
831 728 893 774 non
920 727 1017 775 unam
1043 709 1099 774 sed
1124 707 1304 791 complures

125 817 221 882 simul
246 813 348 881 luisse
372 834 488 882 causas
505 814 661 897 arbitror,
684 815 771 881 iuter
788 834 867 897 qrras
893 817 972 882 baec
987 815 1144 899 imprimis
1161 816 1304 882 ualuisse

124 923 269 1004 uidetur,
293 922 378 1003 quod
403 940 632 1002 nonnunquam
657 922 865 1004 factumest,
898 929 933 986 ut
968 925 1039 1005 quis
1063 922 1180 989 luisset
1208 927 1305 1004 pater

125 1029 297 1111 explanari
320 1048 382 1095 uon
404 1027 467 1094 iarn
492 1037 609 1111 posset.
641 1048 679 1094 ac
703 1030 731 1094 si
756 1050 811 1095 eas
836 1049 898 1111 res,
916 1049 999 1110 quae
1022 1030 1104 1112 ipsis
1128 1029 1303 1097 comoediis

125 1136 358 1203 describuntur
386 1132 434 1217 (ci
452 1155 480 1201 e.
503 1157 552 1218 gr.
577 1137 663 1202 Troo
685 1135 749 1204 800
775 1157 805 1219 q.
827 1133 877 1219 s),
911 1137 1239 1219 considerauer·imuS‚
1267 1156 1304 1202 co

125 1244 256 1310 facilius
280 1245 340 1309 hoc
363 1245 410 1310 ita
434 1262 469 1308 se
494 1245 613 1310 babere
629 1245 825 1326 putabimus.
874 1246 907 1312 in
924 1245 1062 1312 Etruria
1078 1263 1173 1326 porro
1191 1244 1304 1325 quales

127 1349 250 1418 luerint
274 1351 436 1417 bominum
462 1369 578 1434 moros,
602 1351 724 1433 optime
749 1371 945 1432 cognoscere
971 1353 1049 1419 licet
1073 1372 1113 1418 ex
1130 1351 1200 1418 Olst
1221 1349 1303 1418 562:

124 1457 178 1521 ubi
201 1458 409 1522 turocaelo
432 1457 621 1521 laeculentum
642 1457 810 1538 furnillam,
840 1458 923 1522 uude
952 1457 1008 1522 libi
1040 1457 1157 1521 telonio
1188 1476 1304 1538 magau

124 1566 241 1646 trr'piati
262 1568 355 1646 pectet·
378 1565 431 1628 dcl
453 1564 547 1627 dolis:
579 1584 641 1627 aon
672 1566 754 1628 caim
776 1563 834 1638 laic,
866 1565 920 1628 aot
951 1585 997 1628 coc
1030 1564 1161 1627 Tusco
1192 1561 1304 1626 niodo

125 1676 190 1734 tale
219 1671 275 1735 tibi
304 1668 431 1752 rudique
463 1671 589 1734 dolent
623 1691 804 1751 procerus
838 1690 1015 1750 corpore.
1041 1705 1081 1714 «-
1107 1669 1216 1733 Plouu:
1249 1668 1304 1732 Aa

125 1777 245 1852 amabo,
273 1778 421 1841 meretrix
444 1777 537 1850 illust,
562 1797 640 1858 qnae
661 1778 750 1841 illam
772 1777 924 1840 sustulit?
967 1779 1011 1844 ad
1036 1784 1174 1844 matrum
1200 1777 1304 1858 igitur

125 1887 176 1950 ius
197 1887 280 1967 quod
306 1895 424 1951 uocant
447 1884 649 1965 refugiamus
679 1904 811 1950 necesse
836 1892 982 1965 nonest,
1017 1885 1073 1950 sed
1108 1885 1148 1949 de
1177 1885 1237 1950 bac
1268 1905 1303 1950 re

124 2001 240 2074 postea
274 2013 379 2076 pauca
413 1992 541 2057 addam.
608 1997 779 2072 praeterea
810 1992 869 2057 hoc
902 2000 952 2058 est
986 1992 1207 2058 adnotandum
1239 1991 1304 2056 illis

125 2100 395 2182 inscriptionibus
424 2102 540 2178 pactas
563 2099 615 2163 uel
639 2101 733 2160 aulas
765 2117 829 2163 non
854 2118 924 2164 esso
947 2097 1201 2180 substantiuum,
1235 2098 1304 2180 sed,

125 2225 196 2272 oum
223 2205 265 2272 14
281 2207 328 2271 ies
344 2205 511 2272 ablaticus
536 2225 630 2270 casus
654 2204 793 2271 nominis
810 2205 925 2271 matris
952 2211 1070 2288 exstet,
1094 2205 1302 2288 participium

127 2333 148 2378 a
174 2312 331 2379 nascendi
355 2315 454 2379 uerbo
479 2313 673 2412 deriuatum.

235 2440 286 2504 Ex
310 2439 372 2504 bac
395 2450 502 2504 autem
520 2445 591 2504 tota
613 2439 804 2519 queaestioue
829 2438 861 2503 id
887 2439 971 2504 trude
997 2439 1061 2503 orti
1084 2458 1191 2504 surnrus
1208 2438 1304 2519 plane

124 2546 295 2629 apparuit:
342 2566 522 2612 sermonem
556 2547 716 2628 plebeium
742 2547 776 2610 et
818 2547 1065 2628 pedestrem
1105 2546 1300 2628 praetulisse

125 2656 316 2721 uocabulum
342 2655 436 2736 fili,
461 2656 642 2736 grauiorem
667 2673 744 2719 uero
768 2661 802 2719 et
825 2663 861 2719 ut
885 2655 934 2718 ita
958 2654 1062 2718 dicam
1082 2673 1158 2719 urere
1182 2652 1304 2736 poeti·

126 2781 209 2827 cum
236 2762 427 2828 uocabulum
451 2762 585 2842 gnati.

234 2909 372 2971 Praeter
397 2907 457 2970 boc
480 2905 578 2970 etiamr
614 2905 702 2970 aliud
728 2905 815 2969 inter
840 2897 1000 2969 trocabula
1031 2904 1071 2968 de
1095 2903 1211 2984 paribus
1236 2902 1303 2984 agi-

108 3030 197 3078 mus
221 3012 394 3077 dlscrimeu
421 3020 481 3092 est,
516 3013 599 3093 qrrod
633 3011 696 3076 iam
726 3011 821 3076 initio
846 3010 1185 3077 commemorabimus:
1218 3009 1304 3088 pilius

127 3119 277 3186 uocatine
313 3121 433 3184 dictum
468 3120 553 3199 apud
587 3123 701 3200 poetas
726 3117 894 3182 scaenicos
933 3137 996 3182 non
1032 3115 1210 3197 inuenitur,
1246 3115 1304 3181 sed

127 3228 244 3308 ubique
266 3230 359 3306 paule
383 3226 434 3291 nel
457 3227 550 3305 panto
573 3224 616 3286 aci
641 3225 690 3290 uel
714 3224 759 3286 ml
779 3226 872 3302 paule
902 3223 1087 3304 appellatur
1118 3222 1205 3289 filius
1230 3228 1305 3288 eta

127 3341 275 3416 patre:
300 3333 378 3400 Asin
403 3329 480 3413 820,
510 3329 583 3411 830,
616 3329 692 3413 836,
726 3329 802 3413 882,
837 3331 921 3412 Capt
955 3326 1052 3410 1006,
1088 3327 1185 3408 1021,
1217 3329 1305 3394 Mero

129 3439 203 3522 367,
238 3438 419 3521 unusual,
452 3437 528 3518 353,
554 3435 750 3516 3621180.
808 3434 1119 3518 maritatarum),
1146 3433 1303 3501 flectat

128 3555 162 3613 et
199 3568 219 3612 a
256 3555 411 3613 matre:
434 3547 497 3613 ⁴lul
522 3545 596 3612 694.
643 3547 735 3610 Haut
761 3543 858 3625 1028,
889 3542 986 3626 1065,
1027 3546 1095 3609 Hec
1119 3541 1194 3626 352,
1230 3540 1305 3624 577,

128 3655 204 3738 605,
224 3653 297 3722 606.
320 3689 350 3696 -
373 3655 404 3718 in
433 3654 632 3736 tragicorum
657 3663 825 3734 poetarum
846 3650 1054 3734 fragmentis
1077 3656 1184 3716 utrum
1209 3655 1305 3732 pater

128 3783 170 3828 an
219 3771 325 3828 mater
364 3761 534 3841 loquatur,
573 3766 707 3842 propter
746 3758 961 3839 exiguitatem
1002 3763 1036 3822 et
1072 3756 1304 3822 obscuritatem

127 3872 385 3951 fragmentorum
409 3868 490 3933 satis
516 3867 656 3932 dilucide
681 3865 821 3931 discerni
846 3885 907 3930 uon
933 3871 1052 3946 potest.

235 3995 325 4074 Trag
349 4013 369 4074 p
394 3990 413 4057 6
438 3993 530 4058 Naeu
555 3991 585 4072 1,
618 4011 638 4074 p
664 3989 705 4056 51
727 3991 800 4055 idun
823 3987 900 4070 247,
928 3987 1008 4070 pat
1030 3988 1097 4053 Pac
1114 3983 1168 4066 67,
1201 3983 1305 4068 putu

130 4105 196 4168 Pac
215 4099 290 4182 283,
316 4121 334 4182 p
367 4099 426 4164 131
451 4099 518 4163 Pac
548 4096 629 4181 4003
668 4099 709 4163 ad
733 4098 818 4162 locos
842 4097 922 4160 duros
946 4103 1106 4177 postremo
1130 4093 1249 4159 citatos
1273 4092 1306 4157 cl

129 4202 822 4288 315116215611161130861323.
