3382 4794
654 417 784 485 --49
832 455 872 462 -

171 607 368 673 recensionis
398 616 507 676 antem
542 612 765 695 Galliopianae
787 617 926 697 auctori,
958 636 1029 684 cum
1055 620 1108 700 qui
1142 640 1238 688 uerus
1262 633 1349 690 esset

171 723 284 770 sensus
318 714 452 788 propter
486 726 612 776 uersum
642 710 706 778 759
733 712 816 778 falso
847 715 1010 796 expletum
1035 719 1166 784 neniam
1200 720 1348 804 intellegi

170 821 289 895 posset,
314 832 397 878 noua
422 815 609 883 coniectura
638 839 717 901 opus
745 827 826 886 erat.
856 831 955 902 etque
980 842 1050 890 cum
1075 824 1156 890 illud
1192 822 1347 891 attractata

169 943 233 990 suo
262 945 347 992 curu
372 921 454 1011 fecit
482 926 523 991 ad
564 926 766 1008 Sophronam
808 928 976 1008 pertinere
1019 936 1167 1014 putaret,
1202 934 1343 1000 tortasse

171 1034 268 1100 etiam
294 1054 390 1102 uersu
424 1035 487 1102 752
509 1035 607 1107 nisus,
641 1027 722 1098 baec
750 1029 820 1098 solu
849 1035 992 1117 scripsit.
1018 1057 1192 1118 pronomen
1218 1039 1346 1106 demon·

170 1143 345 1210 stratinnm
365 1145 426 1208 hoc
449 1144 542 1209 modo
567 1143 862 1222 interpretantibus
879 1142 990 1208 deesse
1011 1164 1072 1209 non
1095 1146 1216 1211 debuit.
1251 1166 1346 1228 quarn

170 1241 210 1304 ob
243 1261 310 1306 rem
348 1243 441 1307 utin
465 1242 645 1323 archetypo
670 1240 797 1306 deesset
821 1249 854 1306 et
878 1244 920 1306 ab
944 1249 1076 1308 auctore
1100 1243 1225 1309 demum
1253 1246 1347 1311 huius

170 1358 372 1423 recensionis
406 1359 594 1438 adderetur,
627 1356 698 1421 fieri
732 1357 850 1438 potuit.
897 1357 954 1422 sed
989 1377 1058 1424 cum
1094 1360 1268 1425 aDonuto
1292 1354 1347 1426 laio

170 1455 378 1537 scriberetur,
408 1457 439 1522 in
475 1456 654 1536 archetypo
687 1454 805 1536 fnisse,
829 1475 886 1536 per
910 1455 1038 1522 librarii
1064 1458 1212 1523 mendum
1237 1458 1269 1524 in
1294 1478 1346 1524 co·

170 1560 240 1626 dice
270 1565 298 1626 A
330 1564 490 1630 excidisse
523 1562 670 1628 nonnulli
699 1572 817 1644 putant
850 1562 901 1641 (ei
923 1563 1086 1629 Dziatzko
1119 1565 1247 1630 Phorm.
1270 1585 1342 1648 app.

170 1668 242 1735 crit.
267 1690 288 1751 p
313 1667 399 1751 135).
448 1691 551 1751 neque
576 1679 684 1736 tanren
711 1671 771 1735 hac
795 1690 830 1734 re
856 1670 1030 1750 quidquam
1047 1670 1206 1737 affirmari
1223 1681 1344 1770 potest:

170 1796 241 1841 nam
282 1778 419 1859 Donato,
461 1779 578 1859 quippe
607 1778 661 1858 qui
695 1785 752 1842 aut
786 1776 1006 1859 Antiphonem
1038 1789 1097 1845 aut
1143 1780 1343 1860 Sophronam

172 1884 322 1965 intellegi
351 1893 494 1966 putaret,
525 1885 586 1966 ipsi
611 1903 736 1965 quoque
763 1903 938 1965 pronomen
964 1884 1255 1951 demonstratiunm
1288 1887 1343 1953 ad·

172 1991 308 2057 dendrnn
341 1999 424 2057 erat.
494 1991 588 2058 nobis
619 2001 726 2056 antem
761 2010 901 2056 amorem
940 1991 1119 2073 significari
1151 1993 1342 2077 scientibus

171 2116 240 2163 cnm
265 2097 314 2160 hic
337 2118 441 2180 neque
464 2099 504 2164 ad
529 2118 658 2164 sensum
683 2117 787 2179 neque
811 2097 852 2163 ad
876 2106 1012 2163 metrum
1037 2118 1118 2180 opus
1143 2099 1199 2181 sit,
1223 2101 1342 2167 codicis

172 2207 198 2268 A
225 2206 454 2270 anctoritatem
473 2206 525 2271 hie
541 2225 667 2286 quoqne
683 2205 805 2270 secutis
821 2204 869 2270 sic
884 2205 1089 2273 scribendum
1109 2227 1178 2273 esse
1195 2208 1342 2275 uidetur:

997 2368 1123 2456 offendi
1152 2370 1344 2440 (adueniens

173 2520 322 2607 Quocum
353 2521 502 2591 urrleburn
533 2527 563 2591 et
590 2528 629 2589 ul
657 2520 807 2590 uolebant
837 2520 1029 2591 collocatione
1059 2543 1181 2592 (tortore-

172 2690 269 2777 ouon
304 2712 364 2760 nos
391 2690 487 2760 urrtbo
515 2713 613 2780 opere
632 2691 783 2760 cromano
811 2691 978 2761 elaborans
1006 2713 1144 2778 operatu
1171 2697 1210 2760 ut
1229 2690 1337 2779 fieret,

166 2867 249 2938 Sine
277 2876 394 2939 nostra
422 2891 508 2939 (tetro
535 2869 691 2938 mociano
718 2889 783 2938 suo
812 2890 898 2938 curu
925 2869 1017 2938 solos
1040 2867 1129 2957 fecit.

577 3151 816 3234 euterpe
840 3149 927 3217 940.

270 3313 400 3379 Summa
424 3313 518 3379 huius
544 3313 606 3378 loci
632 3314 810 3380 difficultas
833 3315 863 3379 in
886 3333 922 3379 eo
945 3319 1086 3393 constat,
1102 3311 1185 3393 quod
1201 3310 1336 3377 Aeschi-

164 3441 233 3503 nus,
267 3422 318 3501 qtri
352 3421 456 3502 primo
486 3420 623 3486 siluerat
651 3427 683 3486 et
707 3442 726 3486 a
752 3423 873 3486 Demea
897 3422 1034 3496 (ternum,
1057 3427 1093 3483 nt
1116 3419 1186 3499 ipse
1210 3436 1335 3498 quoqne

162 3529 332 3594 Micionem
360 3528 561 3610 imploraret,
595 3536 772 3594 connnotns
795 3538 858 3608 est,
884 3538 950 3594 tum
975 3528 1076 3592 totius
1101 3524 1229 3590 consilii
1254 3533 1334 3589 tarn-

161 3654 254 3714 qnanr
280 3641 394 3700 auctor
419 3655 489 3700 esse
513 3635 653 3700 uidetur.
701 3636 761 3700 hac
786 3655 821 3699 re
855 3634 945 3699 nisus
969 3642 1003 3697 et
1028 3630 1150 3696 Donati
1176 3631 1218 3695 ad
1234 3650 1254 3696 ιι
1270 3629 1334 3696 938

158 3742 370 3807 adnotatione
402 3742 563 3806 Deiatzko
602 3739 741 3822 (Adelph
773 3741 869 3821 praef
898 3761 919 3822 p
951 3737 984 3820 4)
1009 3739 1094 3820 apud
1119 3738 1333 3804 Menandrum

160 3849 354 3915 Aeschinum
381 3849 564 3930 nuptiarum
581 3856 747 3913 auctorent
764 3847 866 3913 fnisse
882 3847 1049 3912 contendit
1065 3844 1221 3910 acriorem
1238 3863 1333 3925 quam

158 3958 331 4038 Demeanr;
364 3956 550 4020 'Ferentium
594 3962 702 4020 autern
747 3955 865 4020 ceteris
899 3957 995 4018 rebus
1029 3951 1162 4017 mutatis
1195 3951 1333 4016 lenitate

156 4063 293 4144 quadarn
326 4083 365 4128 ae
390 4062 600 4144 neglegentia
625 4064 709 4128 lruno
733 4081 872 4142 uersum,
896 4060 1002 4141 qualis
1028 4059 1127 4125 suerit
1161 4060 1192 4124 in
1228 4077 1333 4123 exem-

155 4170 241 4252 plari
266 4170 405 4250 Graeco,
435 4170 598 4252 integrum
642 4169 819 4250 reliquisse.
867 4186 962 4247 quam
992 4165 1187 4232 sententiam
1217 4166 1332 4245 proba·

157 4277 290 4342 bilitate
315 4277 442 4340 omnino
467 4285 633 4341 carentem
659 4295 716 4340 sno
741 4275 810 4339 iure
826 4274 1025 4354 improbauit
1044 4273 1179 4353 Langen
1198 4270 1331 4351 (Philol.

1171 4394 1188 4446 4
