3382 4794
638 409 856 478 „25-

161 613 268 670 aulem
293 610 426 688 speque.
466 599 616 688 Ecquem
642 607 810 673 offensioni
844 627 905 674 666
931 608 1002 673 fore
1026 614 1115 690 puto,
1146 628 1215 674 666
1240 629 1281 674 66
1304 610 1335 675 61

161 712 300 792 quidem,
318 715 371 793 qui
390 713 511 779 lriatunr
530 714 669 779 maxime
686 714 890 796 impugnant,
915 716 968 780 ubi
985 715 1070 780 alius
1084 716 1172 796 loqui
1188 716 1334 799 incipiat,

161 819 305 900 permitti
330 827 450 900 negent
482 817 529 901 (cl
551 821 615 886 Lcr
632 823 719 885 Most
742 819 818 903 567,
847 822 903 886 Mil
928 819 1004 903 302,
1021 823 1117 887 Klotz
1135 822 1334 903 Grundziige

160 924 272 1007 pm.
306 927 423 992 bddller
448 928 590 994 Plautin.
630 929 784 993 Prosodie
810 948 830 1010 p
855 925 941 1008 640).
981 921 1044 989 tac
1068 928 1152 1009 quod
1176 931 1335 1010 praebent

161 1033 289 1098 codices
313 1034 455 1099 fortasse
480 1035 585 1100 teneri
609 1043 727 1118 petest,
751 1055 822 1100 666
847 1036 887 1100 ad
912 1052 1047 1117 ecquem
1074 1082 1079 1094 .
1106 1082 1141 1096 ..
1169 1081 1175 1096 .
1200 1029 1335 1096 cecidistis

165 1141 257 1206 lacile
283 1141 379 1206 eundi
404 1143 597 1208 uocabulum
621 1143 823 1224 suppleatur.

662 1353 831 1422 tvir.

269 1480 325 1544 llil
351 1477 414 1545 687
431 1475 481 1539 mi
492 1475 554 1539 'eez'r
568 1480 687 1545 blande
711 1481 774 1545 dici
800 1481 881 1547 Brix
905 1477 959 1558 (ad
980 1480 1035 1545 nil
1061 1478 1139 1560 686)
1164 1480 1337 1546 adnotauit

162 1594 195 1652 et
210 1586 246 1656 0.
261 1587 409 1652 Ribbeck
426 1581 522 1666 (llius.
540 1587 643 1652 eren.
662 1584 808 1667 36,116)
826 1586 1008 1652 uec-atinum
1027 1583 1076 1646 66
1088 1581 1145 1647 uel
1158 1587 1338 1652 nominauit

162 1686 362 1754 treulz'cleerc
400 1687 548 1753 Aurede.
597 1703 684 1757 certe
722 1713 862 1770 uxorem,
903 1693 931 1758 si
970 1714 989 1758 a
1023 1695 1094 1759 uiro
1130 1693 1206 1775 quid
1243 1695 1336 1775 petit,

162 1801 303 1866 blandiri
329 1801 425 1866 facile
446 1801 686 1882 intellegemus:
732 1802 790 1866 sed
812 1801 978 1866 uocabulis
1004 1795 1055 1861 mi
1083 1795 1140 1860 66
1164 1800 1244 1882 ipsis
1272 1802 1335 1866 uim

162 1907 268 1972 inesse
303 1907 524 1973 blandientem
563 1928 696 1990 prorsus
720 1908 902 1991 negandum
928 1915 988 1974 est.
1035 1927 1109 1973 nam
1146 1907 1337 1987 ubicumque

161 2018 279 2095 exstat,
306 2019 342 2078 ut
370 2013 571 2095 significetur
594 2015 741 2095 maritus,
777 2009 834 2075 66
856 2013 1007 2080 66661166
1041 2013 1175 2096 dictum,
1208 2032 1337 2095 semper

161 2120 307 2186 additum
343 2131 394 2186 est
431 2140 607 2202 prenomen
646 2117 702 2186 mi.
759 2141 854 2203 quarn
891 2141 957 2187 rem
993 2121 1057 2187 ianr
1092 2122 1118 2187 Ι.
1156 2122 1337 2188 Schrceder

162 2223 223 2307 (lle
254 2227 447 2307 fragmentis
478 2228 723 2310 Amphitruonis
757 2229 928 2294 Plautinae
962 2229 1038 2294 diss.
1077 2233 1213 2310 Argent.
1250 2225 1336 2294 1879

162 2355 182 2416 p
214 2329 269 2414 23)
286 2335 423 2415 siugulis
453 2336 533 2400 locis
566 2355 628 2401 non
660 2337 857 2403 enumeratis
889 2337 1011 2402 attulit.
1045 2341 1121 2402 sunt
1149 2343 1257 2401 autem
1288 2336 1337 2401 bi:

163 2445 267 2524 Amplr
292 2440 366 2522 502,
392 2441 467 2522 710,
492 2441 568 2525 716,
592 2441 667 2524 812,
693 2444 754 2510 066
779 2441 854 2525 586,
878 2442 953 2526 588,
979 2441 1054 2525 974,
1078 2442 1137 2508 Mil
1162 2440 1236 2521 687,
1262 2440 1337 2508 691.

165 2551 251 2615 Haut
283 2548 488 2630 6221005,
521 2548 616 2629 1015,
651 2547 747 2634 1048,
780 2551 900 2615 Plrerm
937 2546 1134 2632 991,1002,
1165 2549 1234 2615 Η66
1262 2547 1338 2631 235,

162 2655 236 2721 523.
274 2675 377 2736 neque
410 2665 517 2721 tamen
549 2656 581 2720 bi
606 2656 668 2720 loci
693 2675 801 2722 66666
831 2657 1001 2722 blanditiis
1025 2655 1113 2738 pleni
1137 2663 1223 2737 sunt,
1243 2655 1338 2721 1666

162 2762 308 2829 66666111
349 2763 523 2828 conuiciis:
583 2766 687 2845 Ampb
728 2762 793 2829 812
828 2782 889 2824 cur
923 2759 1019 2833 z'stuc,
1055 2758 1104 2823 mi
1134 2759 1199 2835 66,
1233 2780 1274 2822 ex
1308 2765 1339 2823 te

162 2865 290 2931 eudzb?
329 2871 389 2936 066
419 2869 483 2935 974
520 2865 603 2953 quid
635 2866 716 2951 agis
750 2865 938 2941 desmarz'te,
980 2865 1030 2930 mi
1061 2864 1126 2941 66,
1160 2863 1249 2930 unde
1278 2862 1339 2929 hoc

163 2978 288 3037 ornatu
323 2971 494 3038 aduena?
528 2979 618 3043 Haut
653 2974 738 3044 1005
774 2972 984 3059 1616666666
1017 2973 1135 3049 mz‘ror,
1171 2971 1339 3058 quomodo

163 3085 233 3144 tam
270 3078 416 3163 nuptum
451 3079 632 3166 quicquum
668 3077 731 3143 tibi
764 3079 877 3145 euenire
916 3079 951 3144 in
988 3085 1149 3156 mentem,
1192 3078 1242 3144 mi
1273 3078 1339 3155 66,

157 3186 317 3272 potuerit.
357 3209 440 3270 quae
464 3209 533 3255 666
567 3191 615 3256 ita
645 3191 721 3271 sint,
750 3211 791 3256 ne
827 3193 886 3255 lroc
910 3191 1038 3271 quidem
1064 3192 1133 3257 1666
1164 3187 1235 3270 (1111
1261 3187 1339 3269 687)

163 3292 215 3358 mi
233 3292 290 3357 uir
313 3297 432 3362 maiore
457 3317 527 3362 cum
553 3298 585 3362 ui
609 3297 673 3362 dici
697 3304 845 3379 apparet.
891 3297 950 3362 sed
972 3316 1070 3381 nunc,
1094 3318 1158 3379 qua
1181 3297 1221 3362 de
1241 3315 1340 3362 causa

164 3400 214 3464 mi
234 3423 360 3485 semper
385 3405 537 3484 addatur,
562 3405 646 3484 quod
671 3424 749 3469 casu
773 3405 894 3470 facturn
920 3424 1077 3471 essenon
1103 3411 1339 3487 6616666666-

166 3509 270 3576 ratius
294 3512 530 3594 perquiramus

273 3622 321 3685 Ac
353 3620 489 3700 primum
522 3621 648 3701 quidem
684 3621 858 3686 tenendum
892 3625 943 3685 est
979 3626 1111 3702 praeter
1146 3619 1211 3685 uim
1249 3617 1338 3683 illam

167 3725 277 3792 mariti
306 3725 402 3790 61166
434 3745 558 3808 quoque
595 3727 668 3792 lruic
699 3728 857 3793 uocabulo
894 3727 1016 3793 inesse:
1052 3726 1219 3807 significat
1255 3725 1338 3790 enim

168 3833 326 3899 6661666
352 3852 450 3898 sexus
485 3833 654 3898 masculini
690 3832 818 3900 lerninis
854 3835 1047 3915 oppositum.
1088 3832 1170 3898 satis
1201 3831 1342 3898 dilucide

166 3945 247 4007 baec
272 3940 321 4006 uis
346 3940 561 4006 discernitur:
611 3944 715 4023 Anrplr
740 3940 816 4022 814,
850 3942 930 4006 Asin
960 3940 1036 4020 236,
1067 3937 1142 4019 237,
1172 3937 1249 4020 805,
1278 3939 1341 4004 066

167 4048 219 4129 47,
250 4046 332 4129 586,
370 4049 439 4113 Uist
471 4045 524 4130 43,
559 4046 619 4124 66,
651 4047 704 4130 86,
741 4047 816 4128 375,
848 4047 929 4130 376,
959 4049 1042 4113 Cure
1073 4045 1126 4127 57,
1157 4049 1232 4111 Meu
1267 4043 1340 4125 660,

167 4145 369 4220 1116665369
399 4152 558 4237 1111338,
587 4152 682 4235 1392,
707 4155 793 4220 Ρο66
819 4151 914 4237 1204,
941 4152 1037 4236 1318,
1061 4155 1134 4220 Rud
1160 4152 1222 4220 105
1253 4149 1341 4234 (bis),

169 4258 266 4348 1115,
291 4262 377 4328 66
404 4258 477 4344 134,
502 4259 876 4344 eaecitatem..
