3382 4794
857 498 1077 572 ..14..

418 703 419 706 ’
484 699 575 786 Quae
592 721 662 769 cum
679 701 728 768 ita
744 701 820 782 sint,
845 703 929 782 quod
954 703 990 768 Ο.
1012 702 1161 768 Ribbeck
1178 701 1252 767 Com
1271 723 1291 784 p
1308 701 1328 766 5
1350 703 1423 768 Enn
1441 695 1461 766 5
1478 719 1551 782 pro:

375 831 419 874 aa
440 809 563 890 aliquid
584 809 667 890 quod
688 808 768 872 dono
794 808 843 871 illi
864 827 1003 872 morarcs
1026 808 1184 874 coniecit:
1219 807 1308 888 douo,
1338 808 1396 887 pili,
1421 808 1467 871 nil
1491 827 1552 870 mo·

374 935 472 990 rores,
498 917 630 999 probari
654 935 717 982 nou
742 919 861 998 potest.

482 1023 606 1090 Exstat
638 1027 746 1090 autem
778 1021 946 1088 uocatiuus
979 1022 1127 1087 uocabuli
1159 1020 1217 1088 lilii
1250 1022 1313 1088 Liu
1342 1022 1392 1088 Od
1420 1021 1454 1101 2,
1490 1023 1553 1088 Cat

376 1129 431 1212 77,
456 1127 492 1214 l;
517 1127 568 1212 78,
594 1128 654 1214 133
677 1127 730 1209 80,
756 1127 785 1195 1.
825 1129 911 1211 apud
935 1128 1063 1194 Liuium
1087 1131 1309 1207 paternoster,
1334 1127 1468 1192 Saturni
1487 1129 1554 1208 filie

376 1239 548 1304 secundum
581 1239 676 1304 Hom.
707 1237 758 1302 Od
781 1237 807 1317 I,
840 1234 883 1300 45
912 1230 1051 1319 ὦπάτερ
1079 1233 1215 1318 ἡμέτερε,
1248 1229 1373 1318 Κρονίδη
1404 1255 1440 1300 re
1474 1255 1554 1300 uera

378 1346 472 1412 liutius
497 1343 648 1411 uocabuli
671 1343 854 1410 uocatiuum
880 1343 1048 1409 exstitisse
1072 1362 1109 1408 eo
1133 1342 1256 1408 certius
1280 1347 1339 1425 est,
1368 1343 1452 1423 quod
1482 1343 1554 1409 Pri-

376 1453 508 1519 scianus
538 1457 671 1533 propter
700 1453 784 1516 liano
820 1449 923 1532 ipsam
959 1450 1094 1515 formam
1129 1448 1194 1528 filie
1229 1468 1357 1515 uersum
1393 1451 1551 1516 laudauit.

377 1579 480 1639 neque
504 1565 613 1624 tamen
637 1558 689 1624 hic
719 1557 871 1624 uocatiuo
894 1556 981 1622 filius
1017 1557 1087 1621 eius
1111 1555 1166 1636 qui
1189 1556 1332 1636 loquitur
1356 1557 1553 1638 appellatur,

377 1667 433 1730 sed
451 1662 585 1728 Saturni
606 1664 671 1744 filie
694 1665 844 1746 separari
869 1683 931 1729 non
957 1670 1063 1744 potest
1086 1664 1271 1743 dictumque
1286 1670 1347 1746 est,
1372 1684 1434 1744 quo
1451 1665 1553 1730 Grae-

378 1792 448 1838 cum
474 1767 600 1855 Κρονίδη
629 1771 879 1838 transferretur.
928 1771 960 1835 in
996 1771 1128 1837 Catonis
1161 1771 1357 1850 fragmentis
1387 1791 1426 1836 ex
1459 1770 1554 1836 libris

378 1879 417 1945 ad
437 1881 583 1945 Marcum
608 1879 708 1944 lilium
734 1880 872 1960 sumptis
895 1879 975 1944 illud
993 1878 1104 1941 Marce
1121 1879 1171 1958 pili
1195 1886 1316 1944 utnon
1341 1881 1381 1944 ab
1406 1880 1553 1944 omnibus

377 1987 609 2069 scriptoribus
650 1987 704 2067 qui
742 1987 815 2052 illos
852 1987 939 2051 locos
978 1987 1214 2068 laudauerunt,
1255 1987 1440 2068 adderetur,
1479 1986 1553 2051 ideo

378 2095 498 2159 factum
532 2113 602 2158 esse
630 2102 719 2175 puto,
755 2095 838 2174 quod
864 2093 897 2158 hi
930 2093 963 2158 id
992 2093 1112 2175 ipsum:
1145 2097 1251 2155 orator
1284 2098 1327 2156 est
1358 2094 1413 2155 uir
1445 2092 1552 2165 bouils,

380 2199 502 2264 dicendi
521 2201 640 2280 peritus
660 2200 799 2266 maxime
821 2200 979 2266 interesse
1001 2203 1174 2282 putabant,
1197 2201 1255 2266 sed
1279 2199 1330 2266 cui
1354 2201 1434 2266 liaeo
1450 2203 1554 2266 uerba

377 2307 577 2389 dicerentur,
600 2306 721 2373 indlius
746 2326 817 2372 esse
842 2307 1006 2372 momenti.

484 2414 628 2481 Exsistit
652 2415 811 2497 quaestio,
840 2434 997 2496 quaenam
1027 2432 1124 2480 causa
1148 2415 1203 2496 sit,
1240 2415 1325 2495 quod
1356 2408 1444 2494 filius
1467 2415 1554 2496 apud

378 2522 546 2588 scaenicos
569 2525 682 2604 poetas
707 2522 859 2587 uocatiue
889 2521 1023 2587 dictum·
1044 2541 1107 2587 non
1132 2521 1338 2589 inueniatur:
1372 2542 1445 2586 nam
1474 2541 1554 2587 casu

378 2629 501 2695 factum
535 2648 606 2694 csse
635 2629 724 2694 credi
748 2628 804 2695 uix
827 2635 947 2710 potest.
995 2649 1097 2709 neque
1129 2629 1188 2694 lioc
1219 2628 1327 2696 dicere
1360 2629 1438 2695 licet
1469 2628 1553 2694 filios

379 2735 508 2800 omnino
532 2754 593 2800 uon
620 2736 787 2801 uocabulis
810 2736 1088 2818 propinquitatem
1115 2734 1347 2816 indicantibus
1378 2737 1435 2801 sed
1460 2756 1552 2818 prae-

378 2842 561 2908 nominibus
593 2850 651 2907 aut
683 2843 756 2908 aliis
790 2843 959 2908 uocabulis
991 2850 1026 2908 nt
1050 2843 1279 2922 adulescentis,
1313 2843 1551 2909 adulescentuli

379 2948 540 3030 appellari
563 2949 678 3029 solere,
703 2950 943 3029 quodomnium
961 2950 1062 3016 ferme
1081 2951 1263 3032 linguarum
1290 2969 1367 3016 usus
1391 2956 1442 3016 est
1459 2970 1552 3032 appe-

379 3063 452 3120 tens
481 3055 745 3138 perspicuitatis3
787 3075 862 3121 nam
897 3056 985 3138 patri
1016 3057 1108 3122 multi
1139 3077 1235 3138 saepe
1268 3057 1326 3121 filii
1364 3063 1450 3141 sunt,
1488 3056 1553 3122 filio

380 3180 463 3226 unus
487 3169 580 3242 poter
604 3166 665 3229 est.
712 3181 773 3242 quo
797 3163 848 3244 lit,
880 3170 914 3228 ut
937 3165 1027 3242 puter
1050 3164 1198 3229 uocatiue
1222 3165 1341 3228 dictum
1366 3163 1554 3230 inueniatur

380 3269 466 3348 apud
497 3268 648 3334 Plautum
677 3267 719 3336 93
747 3269 804 3351 ies,
838 3269 923 3351 apud
957 3269 1144 3334 'Ferentium
1170 3268 1212 3336 47
1235 3270 1290 3351 ies,
1326 3271 1411 3336 tilius
1446 3277 1553 3337 autem

382 3375 539 3440 uocabulo
559 3374 832 3456 propinquitatem
858 3375 1025 3442 indicante
1048 3381 1113 3441 tam
1138 3395 1213 3442 raro
1230 3378 1424 3459 appelletur.
1450 3398 1554 3459 neque

381 3485 489 3546 tamen
522 3481 583 3546 tali
609 3481 859 3548 ratiocinatione
883 3482 1031 3563 quamuis
1061 3501 1140 3548 nera
1171 3503 1237 3549 rem
1269 3484 1357 3550 illam
1389 3485 1554 3568 explicare

379 3605 565 3669 possumus:
604 3607 678 3653 nam
715 3588 763 3655 eis
791 3589 881 3662 locis,
918 3589 1035 3670 quibus
1059 3589 1234 3655 adhibetur
1267 3593 1458 3658 uocabulum
1482 3612 1554 3674 pro·

379 3693 596 3776 pinquitatem
621 3694 783 3779 iudicans,
808 3696 935 3777 quade
960 3715 1059 3762 causa
1080 3717 1251 3778 numquam
1276 3700 1467 3765 uocabulum
1484 3698 1554 3780 filii,

381 3801 467 3883 quod
491 3802 577 3885 apud
600 3808 715 3884 poetas
740 3804 878 3870 comicos
903 3803 1107 3885 frequentius
1137 3823 1207 3871 esse
1232 3805 1382 3889 uidimus
1406 3807 1555 3874 uocatiue

380 3909 502 3976 dietum
527 3908 739 3993 inueniamus,
770 3911 827 3978 sed
852 3930 979 3993 semper
1003 3912 1097 3994 gnati
1121 3912 1313 3979 uocabulum
1339 3914 1460 3996 rarius,
1490 3915 1555 3980 ista

380 4016 509 4082 ratione
531 4035 594 4083 non
619 4016 835 4099 intellegitur.

488 4123 594 4190 Aliam
628 4143 758 4191 causam
793 4125 907 4191 attulit
941 4127 997 4191 Fr.
1031 4127 1211 4192 Buecheler
1241 4124 1338 4206 (Mus.
1373 4128 1468 4193 Rhen
1499 4126 1551 4208 39,

380 4227 471 4308 412).
503 4231 562 4297 filii
587 4231 671 4296 enim
696 4233 886 4298 uocabulum
913 4253 933 4298 a
956 4231 1086 4298 felalnlo
1109 4230 1218 4315 (θηλὴ)
1243 4235 1455 4300 deriuundum
1486 4253 1554 4300 esse

380 4341 472 4402 ratus
489 4333 637 4415 (alletore
652 4333 778 4420 Curtio)
794 4337 898 4420 primo
922 4337 1069 4404 additum
1094 4337 1194 4405 fuisse
1217 4340 1275 4405 filii
1297 4341 1416 4405 nomini
1440 4361 1552 4406 unomen
