3382 4794
657 404 873 472 ..45-

177 603 291 684 eligat,
317 610 423 668 utrum
451 603 531 669 uelit
555 604 576 670 i.
601 625 628 670 e.
654 612 759 672 utrum
785 606 932 672 abdicari
957 613 991 672 et
1014 606 1198 674 hereditate
1222 609 1351 678 excludi

174 713 270 777 malit
294 732 333 778 an
360 731 491 778 uxorem
518 712 647 778 ducere.
696 707 748 796 [de
771 707 875 778 inimo
903 713 1087 795 particulae
1115 713 1147 780 ui
1176 722 1210 781 et
1233 735 1293 783 usu
1317 715 1354 786 ci

174 811 372 892 Stowasser‚
403 810 536 876 Wiener
566 811 701 876 Studien
739 813 816 892 XII,
848 805 935 895 153}
984 813 1155 881 Sostratae
1183 823 1290 882 autem
1321 814 1349 882 si

170 917 382 984 attribuimus
403 911 511 1001 perii,
542 919 662 999 optime
685 919 792 985 omnia
817 920 1023 986 conueniunt.
1048 940 1121 988 nam
1144 921 1256 988 statim
1273 922 1349 992 duc·

171 1033 280 1090 turum
306 1043 341 1091 se
365 1044 434 1092 esse
451 1025 551 1091 filium
570 1026 679 1092 dicere
701 1033 785 1108 rata,
809 1046 879 1092 cum
896 1027 949 1092 hic
967 1028 1044 1109 quid
1059 1028 1162 1096 iaciat
1179 1029 1347 1098 etiamtum

170 1133 310 1214 dubitet,
329 1125 425 1215 perii
453 1134 535 1198 bene
559 1133 669 1200 dicere
683 1141 801 1216 potest.
849 1142 1033 1218 praeterea,
1054 1137 1081 1201 si
1098 1135 1240 1219 Clitipho
1250 1129 1348 1222 perid

168 1242 319 1329 dixisset,
344 1269 384 1316 ne
408 1249 488 1315 illud
513 1249 639 1331 quidem
662 1244 768 1333 sunici
795 1244 912 1316 omniu
935 1251 1089 1319 Sostrata
1105 1252 1346 1335 dicerepotuit.

167 1357 311 1439 Clitipho
335 1367 443 1424 autem
474 1358 601 1424 interea
625 1358 780 1424 dubitans
813 1365 845 1424 et
873 1378 978 1425 secum
1009 1359 1222 1428 considerans
1251 1379 1346 1430 uersu

165 1467 295 1532 demum
322 1463 407 1532 1059
428 1459 559 1548 focium
582 1465 688 1549 pater
717 1465 805 1547 patri
830 1464 1017 1548 respondet.

548 1715 578 1786 3.
605 1720 755 1786 Phorm
781 1717 846 1788 759
872 1739 902 1804 q.
928 1739 954 1787 s.

274 1835 311 1900 ln
336 1835 446 1900 codice
472 1837 626 1902 Bembino
650 1837 876 1918 antiquissimo
901 1836 1058 1920 scriptum
1083 1837 1249 1908 uidemus:

998 1973 1125 2064 offendi
1153 1974 1345 2046 adueniens

169 2091 322 2179 Qrcocnrn
350 2089 502 2162 nolebam
530 2097 561 2162 ei
588 2097 626 2163 ui
653 2089 805 2162 uolebant
825 2091 1032 2162 conlocutum
1052 2091 1176 2162 umori.

167 2207 266 2295 Quod
280 2230 340 2278 nos
354 2208 450 2278 nando
464 2230 563 2298 opere
578 2207 729 2278 nuncium
743 2207 910 2279 concinas
919 2230 1059 2298 opernm
1074 2213 1112 2278 ui
1125 2205 1233 2295 lieret,

162 2324 247 2396 Sine
274 2330 393 2395 nostru
421 2347 507 2396 curo
536 2325 691 2394 araunium
714 2346 779 2394 san
805 2346 890 2394 curn
918 2322 1009 2394 solus
1034 2322 1125 2412 fecii.

162 2449 266 2515 ceteri
282 2449 410 2514 codices
427 2448 460 2513 in
479 2469 575 2515 uersu
592 2445 657 2514 759
679 2467 789 2513 omnes
807 2449 965 2528 praebent
994 2440 1188 2512 collocutum
1209 2439 1337 2530 filium

163 2557 298 2623 eandem
345 2555 514 2621 lectionem
558 2555 746 2622 Priscianus
784 2554 941 2635 sequitur.
1010 2555 1220 2637 ungrapnius
1265 2574 1342 2621 uero

163 2683 234 2730 cum
260 2665 292 2730 in
319 2663 549 2730 commentario
579 2665 754 2730 adrrotaret
777 2658 874 2726 miodo
900 2655 1024 2726 inueni
1049 2655 1160 2744 {ilium
1194 2679 1272 2726 com
1307 2678 1344 2726 co

162 2783 309 2864 eruptum
338 2797 509 2864 contnuo
546 2795 616 2845 esse
651 2772 838 2863 cupiebam,
874 2778 905 2843 ei
932 2793 1008 2842 enm
1031 2770 1143 2860 rutilat,
1172 2778 1341 2845 lectionem

164 2888 320 2954 imbuisse
337 2889 468 2955 uidetur
487 2895 545 2953 ant
569 2887 689 2953 codicis
711 2884 1074 2952 Aautlruiussimilem.
1105 2884 1342 2967 Galliopiauam

164 2996 387 3062 recensionem
406 3003 538 3062 secutus
555 2994 723 3061 Bentleius
739 2993 806 3059 leni
829 3013 908 3060 sane
925 2992 1124 3074 coniectura,
1149 3002 1186 3058 ut
1212 2992 1342 3074 legibus

163 3104 311 3170 metricis
336 3105 541 3187 satisfieret,
565 3102 699 3184 scripsit
724 3094 835 3183 {ilium
872 3095 1026 3165 locutura.
1064 3099 1341 3182 Umplenbaclius

164 3242 241 3289 nero
266 3226 300 3286 et
326 3219 489 3286 Duiatzlro
516 3223 636 3286 Faerni
654 3217 873 3284 coniecturam
891 3223 1103 3298 receperunt:
1146 3209 1340 3281 collocutum

162 3344 315 3426 ,on-aiam.
374 3339 430 3406 sed
455 3346 520 3403 tam
546 3354 662 3418 aspere
686 3335 830 3415 dureque
855 3333 1045 3400 Terentium
1063 3341 1190 3415 poetam
1210 3333 1340 3414 elegan-

166 3459 325 3526 tissimum
352 3475 478 3522 uersum
504 3451 701 3518 conclusisse
720 3468 811 3514 nemo
828 3449 905 3514 milti
923 3449 1142 3530 persuadebit.
1168 3455 1340 3530 praeterea

165 3569 220 3648 qui
257 3567 328 3633 lieri
365 3563 510 3647 potuisse
548 3567 713 3642 putemne,
746 3563 783 3624 ut
820 3575 877 3638 pro
911 3562 1033 3638 gnatae
1067 3557 1225 3623 uocabulo
1257 3555 1339 3621 satis

166 3684 289 3750 usitato
323 3677 372 3762 (cf
402 3699 421 3761 p
460 3677 501 3745 13
535 3698 556 3759 q
589 3672 617 3756 s)
651 3675 806 3740 librarius
834 3671 995 3738 scriberet
1016 3665 1153 3754 filiurn?
1193 3673 1340 3754 Wagner

167 3791 314 3856 Bentleio
339 3805 494 3854 assensus
519 3791 580 3867 est,
601 3783 684 3865 qnod
702 3779 883 3847 collocandi
907 3781 1041 3846 uerbum
1067 3781 1155 3846 nullo
1180 3780 1245 3846 alio
1269 3780 1338 3845 loco

166 3897 366 3964 Terentiano
390 3892 605 3960 inueniretur.
636 3908 739 3972 neque
764 3895 870 3953 tamen
888 3887 1016 3954 locandi
1032 3890 1164 3954 uerbum
1184 3887 1338 3968 frequens

166 4021 226 4095 est,
250 4013 306 4078 secl
331 4016 367 4077 ut
390 4010 594 4092 significetur
621 3998 850 4083 ceruendum,
900 4025 1026 4088 semper
1066 4005 1134 4071 lere
1177 4016 1210 4069 et
1252 4002 1338 4085 apud

166 4129 353 4194 'Ferentium
379 4132 413 4192 et
437 4125 520 4208 apud
547 4124 699 4190 Plautum
724 4125 901 4200 usurpatur

167 4242 224 4302 aut
248 4255 401 4302 rrxorem
428 4235 520 4298 dare
