3382 4794
725 660 836 742 vita.

304 814 421 876 Petrus
442 809 632 876 Fridericus
656 809 845 890 Iosephus
874 806 993 872 Koehm
1023 809 1120 869 uatus
1141 821 1209 867 sum
1232 799 1366 866 Castelli

195 918 428 984 Mattiacorum
456 937 485 982 a.
516 915 545 982 d.
574 916 634 981 IV.
667 916 743 982 Kal.
775 916 853 995 Apr.
884 932 969 978 auuo
1000 915 1029 977 h.
1060 931 1085 975 s.
1115 910 1242 976 LXXV
1273 914 1367 990 patre

193 1025 330 1108 Iosepho
363 1029 468 1090 matre
497 1022 690 1090 Elisabetha
719 1043 736 1087 e
780 1031 877 1103 geute
906 1022 1038 1086 Koehm.
1104 1018 1178 1082 fidei
1218 1016 1367 1081 addictus

193 1151 262 1198 sum
286 1132 508 1213 euarrgelicae.
556 1150 612 1212 per
637 1129 757 1211 primos
787 1128 947 1211 pueritiae
972 1145 1072 1192 anuos
1102 1127 1135 1190 iu
1160 1123 1235 1189 ludo
1261 1123 1366 1188 ciuico

191 1238 320 1320 patriae
344 1243 495 1305 uersatus
523 1237 698 1319 praecipue
727 1235 873 1302 Gustauo
899 1233 1177 1298 Weiiieubach
1207 1229 1366 1308 ruagistro

192 1343 410 1410 eruditissimo
434 1345 537 1409 multa
560 1343 669 1410 debeo.
718 1349 872 1409 autumno
896 1337 1076 1406 artnirsao
1100 1339 1133 1404 iu
1159 1338 1363 1420 gymnasium

193 1451 457 1533 llogoutiacense
492 1451 577 1530 quod
613 1455 732 1515 uocant
770 1449 858 1513 reale
886 1452 1072 1529 assumptus
1103 1465 1188 1512 anuo
1215 1443 1299 1510 1886
1332 1443 1364 1509 iu

191 1557 353 1639 gymnasii
379 1557 515 1623 classem
540 1556 587 1620 lV
605 1555 734 1621 transii.
775 1556 919 1620 uirorum
942 1554 987 1618 ihi
1022 1553 1285 1619 doctissimorum
1320 1551 1366 1615 di·

191 1663 329 1751 scipliua
358 1685 407 1729 me
437 1683 528 1730 usum
557 1681 628 1727 esse
652 1663 778 1744 gaudeo
803 1661 961 1743 imprimis
987 1661 1099 1726 Iacobi
1131 1658 1365 1740 Schlenger,

193 1772 247 1851 qui
277 1771 375 1836 etiam
405 1771 607 1836 maturitatis
637 1769 858 1835 testimouium
880 1769 997 1850 adepto
1021 1767 1100 1832 mihi
1124 1785 1250 1848 semper
1275 1765 1365 1830 adiu-

191 1882 293 1941 torem
310 1875 525 1942 oertissimum
547 1877 774 1956 farutoremque
799 1875 979 1942 studiorum
990 1893 1132 1939 meorum
1144 1893 1178 1938 se
1193 1873 1364 1955 praestitit

191 1983 540 2050 beneuolentissimum.
611 1983 812 2049 Weihrich
849 2001 974 2063 quoque
1013 1980 1212 2062 qpruuasiid
1237 1979 1358 2045 ireotor

189 2108 315 2171 semper
339 2089 472 2155 consilio
497 2097 530 2156 et
555 2110 652 2172 opera
676 2091 754 2156 mihi
779 2090 882 2156 affuit.
930 2108 1015 2155 armo
1032 2086 1117 2154 1893
1134 2087 1361 2152 uniuersitatis

191 2195 435 2262 Ludouioiauae
450 2195 576 2262 ciuibus
591 2197 776 2279 adscriptus
791 2217 849 2280 per
865 2197 986 2280 septies
1000 2215 1094 2261 senos
1107 2214 1231 2260 meuses
1244 2194 1365 2259 scirolis

190 2302 326 2367 interlui
353 2302 496 2369 uirorum
514 2304 872 2385 praestantissimorum
890 2303 1104 2384 Behaghel,
1126 2301 1170 2366 de
1186 2301 1363 2381 Bradke,

191 2407 478 2489 Gundermauu,
512 2410 766 2493 Hoehlhaum,
801 2409 974 2488 Ouckeu‚
1008 2409 1144 2486 Seuer,
1176 2408 1362 2488 Schiller‚

191 2513 411 2597 Schwartz,
441 2516 617 2580 Sieheck.
671 2516 899 2597 proseminarii
927 2537 984 2598 per
1014 2517 1065 2582 bis
1098 2534 1193 2582 senos
1223 2534 1359 2594 menses,

190 2621 356 2686 seminarii
380 2622 569 2705 philologici
598 2642 656 2704 per
681 2623 852 2704 quinquies
881 2644 973 2690 senos
1002 2643 1126 2689 meuses
1155 2622 1277 2687 sodalis
1302 2621 1361 2686 fui.

191 2745 314 2792 suruma
330 2728 530 2793 liberalitate
545 2734 578 2792 et
595 2729 824 2795 beneuolentia
850 2748 976 2812 semper
1001 2731 1206 2796 subleuatum
1216 2748 1266 2793 me
1290 2747 1363 2794 esse

190 2833 288 2898 etiam
317 2854 336 2897 a
366 2834 636 2917 bibliothecariis,
666 2854 684 2900 a
709 2837 831 2901 Velle
860 2836 1118 2916 Mogontiaceusi
1148 2840 1181 2900 et
1211 2837 1361 2918 Haupt,

193 2941 355 3019 Hauser,
373 2940 485 3021 utel,
504 2941 710 3006 Fritzsche
730 2941 939 3009 Gisseusihus
956 2950 1051 3026 grato
1066 2943 1172 3008 auimo
1188 2944 1355 3008 confiteor.

190 3046 344 3127 auspiciis
369 3047 485 3112 ductus
511 3047 801 3115 Gundermauui
826 3049 881 3130 qui
916 3049 981 3115 iam
1009 3070 1029 3116 a
1052 3049 1235 3115 studiorum
1266 3047 1361 3114 initio

190 3157 353 3232 tamquam
379 3153 506 3218 hleutor
532 3155 608 3218 mihi
632 3155 706 3234 luit,
722 3164 755 3220 et
775 3157 958 3221 Eltluardi
988 3157 1192 3222 Schwartz
1217 3154 1362 3220 consiliis

190 3277 265 3323 usus
301 3259 383 3324 hauc
411 3259 677 3327 dissertationem
709 3262 843 3327 confeci.
891 3263 940 3327 his
972 3264 1118 3329 omnihus
1143 3262 1272 3344 gratias
1296 3281 1359 3342 ago

190 3384 285 3447 quam
308 3364 466 3433 maximas
490 3384 681 3449 semperque
707 3369 841 3434 habebo.
