3382 4794
784 386 1047 504 &uo--

353 641 521 706 Rundsch.
554 637 638 705 1881
669 659 689 720 p
716 634 829 721 112Ο);
853 640 909 704 sed
934 659 1016 719 quae
1041 639 1271 722 ipseproiert,
1296 639 1400 705 minus
1426 639 1524 704 etiam

351 747 483 830 probari
499 755 643 829 possunt.
666 747 725 812 hoc
741 746 941 828 potissimum
956 748 1130 812 tenendum
1148 753 1208 828 est,
1225 746 1309 828 quod
1329 779 1364 786 κ
1385 765 1425 810 ne
1445 745 1525 809 alios

350 855 507 921 nominem
523 889 563 896 -
577 855 715 936 Spengel
728 850 869 936 (Adelph
879 855 974 934 praef
984 875 1003 935 p
1017 851 1176 930 XVadn.)
1189 853 1378 933 affirmauit,
1391 860 1526 934 propter

351 990 463 1036 uersus
488 969 552 1037 942
577 972 744 1036 uerbena
783 986 936 1051 praecare
966 971 1088 1036 Donati
1114 973 1215 1036 uerba
1239 964 1335 1054 opud
1374 962 1526 1032 Menon-

350 1073 458 1142 drum
498 1093 601 1142 sonent
629 1074 671 1142 de
699 1071 832 1161 'nuptiis
867 1093 934 1140 non
959 1078 1134 1159 ‘pronatae'
1158 1079 1255 1144 aliter
1284 1076 1434 1156 intellegi
1464 1095 1525 1140 non

350 1204 445 1267 posse
460 1205 554 1266 qrtam
573 1187 658 1267 apud
676 1186 888 1251 Menandrum
905 1205 1029 1266 quoque
1049 1205 1168 1268 senem,
1185 1193 1222 1251 ut
1235 1205 1366 1251 irxorem
1381 1184 1526 1264 duceret,

351 1300 540 1359 commotum
566 1312 637 1358 esse
662 1293 718 1358 sed
743 1292 874 1357 facilius
900 1303 932 1357 et
957 1293 1106 1358 celerius.
1155 1292 1268 1358 mirum
1307 1293 1435 1373 quidem
1464 1303 1525 1372 est,

349 1401 434 1480 quod
459 1419 558 1465 senex
582 1419 666 1464 anno
690 1400 802 1480 quinto
828 1409 860 1463 et
883 1401 1085 1482 sexagesimo
1110 1420 1206 1466 anum
1226 1399 1424 1480 decrepitam
1447 1416 1523 1462 uxo·

351 1525 418 1571 rem
454 1507 555 1588 ducit,
589 1526 671 1588 quae
706 1507 768 1571 iam
805 1507 860 1571 diu
896 1528 952 1589 per
982 1528 1083 1574 annos
1107 1528 1222 1589 parere
1248 1526 1310 1572 non
1336 1511 1460 1588 potest3
1485 1504 1520 1568 cf

351 1613 538 1695 Euripidem
569 1613 602 1678 in
632 1615 720 1679 Stoi).
751 1614 820 1679 flor.
852 1613 970 1695 11a38
995 1608 1087 1672 'All-³
1119 1613 1137 1695 ἢ
1170 1612 1202 1672 τὸ
1227 1619 1324 1697 γῆρας
1348 1610 1401 1694 τὴν
1426 1609 1525 1695 κὺπρῑν

350 1719 458 1804 χαίρειν
483 1718 535 1792 aar,
560 1740 578 1800 η
596 1715 621 1778 τ’
644 1719 786 1804 ἀφροδίτη
813 1727 876 1780 coia
891 1722 1019 1805 peponem
1037 1720 1174 1804 ἄχθεται;
1192 1722 1248 1787 sed
1267 1729 1374 1786 tamen
1396 1728 1524 1802 poetam

350 1828 417 1892 tale
446 1837 672 1908 argumentum
703 1829 828 1911 tingere
858 1828 1001 1910 potuisse
1030 1849 1152 1910 negare
1181 1829 1236 1894 uix
1264 1829 1416 1909 audeam;
1441 1826 1526 1907 quod

353 1934 422 2000 ueri
451 1933 588 2000 similius
618 1935 715 2002 etiarn
746 1936 819 2013 erit,
848 1937 874 2000 si
905 1943 1008 2002 totam
1037 1937 1168 2002 fabulae
1197 1937 1418 2002 condicionem
1451 1953 1525 1998 con-

349 2040 611 2108 siderauerimus.
659 2062 731 2108 narn
768 2044 813 2108 ibi
850 2045 995 2123 quaestio
1030 2045 1085 2108 illa
1115 2052 1148 2108 et
1178 2063 1197 2108 a
1225 2043 1425 2124 philosophis
1449 2049 1526 2104 eta

350 2148 457 2228 poetis
482 2147 572 2229 trita,
597 2145 648 2228 (ef
669 2149 800 2214 Stobaei
825 2150 918 2214 iioril.
946 2149 1088 2234 67—76,
1112 2151 1150 2215 L.
1165 2151 1321 2229 Schmidt,
1346 2147 1449 2214 Ethik
1467 2149 1526 2212 der

350 2255 440 2320 alten
466 2255 629 2322 Grieehen
661 2257 704 2322 ΙΙ.
733 2254 861 2338 18821]
888 2256 950 2324 133
976 2279 1005 2339 q.
1031 2279 1056 2322 s,
1082 2255 1156 2339 165,
1182 2255 1246 2324 186
1270 2278 1301 2338 q.
1326 2254 1367 2334 s.)
1392 2255 1526 2336 nuptiae

349 2361 584 2442 praeferendae
602 2363 726 2430 niutan
746 2364 935 2446 caelibatus
956 2372 1135 2447 tractatum
1151 2367 1213 2431 iam
1231 2363 1380 2430 uersibus
1393 2359 1526 2427 44-46

349 2468 445 2534 Micio
470 2488 602 2535 uxorem
628 2491 662 2536 se
685 2491 858 2552 numquam
883 2473 1044 2554 habuisse,
1071 2475 1220 2538 Demeam
1243 2491 1373 2537 uxorem
1392 2469 1525 2534 duxisse

349 2582 480 2658 narrat;
509 2577 593 2640 hane
620 2596 686 2642 rem
722 2578 807 2642 inter
836 2598 871 2644 se
900 2587 934 2642 et
958 2580 1127 2646 Micionem
1153 2583 1312 2646 interesse
1337 2579 1433 2644 etiam
1459 2579 1523 2642 De·

349 2701 421 2748 mea
459 2702 488 2748 u.
514 2681 579 2749 867
614 2683 767 2751 affirmat.
817 2687 875 2752 hoe
905 2687 1002 2753 etiarn
1032 2688 1065 2754 in
1090 2688 1263 2754 Menandri
1286 2688 1399 2753 fabula
1424 2686 1524 2752 exsti-

351 2791 430 2856 tisse
455 2792 604 2856 Donatus
629 2792 724 2857 testis
748 2804 809 2875 est,
834 2795 891 2875 qui
914 2796 1028 2862 laudat
1044 2796 1085 2862 ad
1102 2796 1232 2877 Adelph
1249 2795 1278 2875 I,
1295 2792 1370 2876 1‚18
1389 2812 1518 2860 uersum

349 2890 372 2953 dr
397 2897 536 2979 μακάριόν
565 2917 610 2976 με,
640 2905 757 2976 γυναῖκα
786 2897 818 2958 od
846 2897 999 2981 λαμβάνω.
1047 2903 1157 2983 itaque
1193 2921 1264 2968 eum
1302 2902 1432 2966 fabulae
1460 2901 1524 2967 fine

352 3004 462 3069 neutri
495 3005 653 3071 rationem
691 3008 805 3073 bonam
847 3029 919 3074 esse
957 3020 1175 3090 cognoscatur
1208 3028 1343 3090 eamque
1379 3009 1419 3073 ob
1455 3028 1523 3074 rem

351 3117 524 3190 utrumque
547 3131 668 3192 poenas
693 3114 819 3180 soluere
844 3124 1005 3198 oporteat,
1031 3117 1200 3183 Micionem
1231 3135 1355 3198 quoque
1380 3115 1524 3181 moribus

351 3216 516 3297 prioribus
558 3219 717 3284 desistere
751 3228 1000 3288 consentaneum
1036 3232 1096 3288 est.
1155 3244 1259 3305 neque
1292 3243 1370 3288 uero
1395 3221 1544 3288 ceteraa'

349 3343 473 3404 poenae
503 3323 585 3390 satis
616 3344 734 3404 graues
763 3325 910 3406 fuissent,
939 3348 1008 3395 curn
1039 3350 1143 3411 neque
1168 3333 1253 3396 bona
1276 3331 1395 3397 amissa
1418 3348 1524 3410 neque

349 3431 467 3511 Syrum
505 3451 601 3497 rnanu
638 3433 771 3499 missum
806 3442 872 3502 tam
909 3455 1007 3518 aegre
1041 3437 1181 3503 laturum
1212 3437 1314 3502 fuisse
1338 3445 1416 3519 puto
1441 3455 1524 3517 eum,

350 3556 443 3617 quem
470 3538 567 3604 etiam
592 3546 691 3606 antea
717 3541 925 3625 clementem,
950 3544 1123 3627 placidum,
1149 3545 1317 3610 liberalem
1340 3543 1439 3609 fuisse
1463 3543 1525 3607 soi-

349 3663 429 3709 mus.
479 3644 593 3725 quibus
632 3649 729 3712 rebus
753 3649 906 3716 Demeam
936 3653 1045 3733 potius
1074 3671 1179 3717 mores
1204 3663 1347 3718 mutasse
1371 3650 1522 3716 efficitur.

349 3748 447 3814 Micio
473 3769 549 3817 uero
575 3761 610 3817 ut
633 3755 745 3835 poenis
769 3756 959 3825 afficeretur
985 3761 1068 3826 satis
1092 3761 1249 3842 grauibus
1274 3777 1440 3840 moresque
1456 3775 1522 3822 mu·

349 3865 438 3921 taret
461 3865 559 3938 atque
581 3878 702 3926 omnem
723 3863 811 3930 uitae
828 3867 988 3932 rationem
1013 3875 1047 3932 et
1070 3867 1323 3950 institutionem,
1349 3869 1430 3932 bene
1447 3883 1525 3929 sane

348 3973 382 4029 et
407 3963 545 4031 ridicule
570 3968 750 4034 Menander
776 3990 895 4054 senem,
919 3974 972 4054 qui
998 3956 1094 4040 antea
1118 3975 1303 4055 coniugium
1329 3972 1524 4056 aspernaba-

351 4079 415 4151 tur,
447 4077 513 4137 tum
545 4079 582 4138 ut
606 4094 690 4140 anno
715 4077 827 4156 quinto
851 4087 883 4143 et
906 4081 1108 4160 sexagesimo
1132 4084 1268 4148 maritus
1300 4085 1394 4149 fieret
1427 4086 1524 4159 atque

353 4196 448 4241 unum
475 4179 672 4261 decrepitam
698 4183 842 4265 duceret,
868 4187 1058 4253 commoneri
1095 4188 1182 4254 fecit.
1208 4191 1291 4256 lrane
1312 4193 1414 4274 igitur
1438 4204 1524 4256 scae·

352 4302 424 4348 anm
449 4285 546 4351 etiam
572 4288 603 4352 in
622 4289 798 4371 exemplari
817 4289 944 4357 Graeco
969 4292 1070 4360 fuisse
1092 4297 1206 4377 negari
1230 4318 1293 4364 non
1317 4310 1434 4384 potest.
