3382 4794
721 343 1192 447 .-20-.

361 580 596 645 adulescentuli
622 579 810 644 uocabulum
837 578 989 659 usurpari
1013 577 1094 642 nihil
1116 577 1205 642 aliud
1222 577 1411 656 significans
1432 593 1528 656 quam

359 686 579 752 adulescentis
608 684 816 765 uocabulum3
847 685 903 749 sed
932 684 1019 766 apud
1058 684 1207 748 Plautum
1239 682 1303 748 uim
1336 679 1529 748 deminutiui

275 811 282 826 ·
358 792 455 860 etiam
479 793 598 859 inesse.
644 812 738 874 quarn
765 791 834 858 cist
860 789 932 872 158,
958 791 1015 855 Mil
1039 788 1114 871 264,
1139 791 1227 854 Poeu
1250 788 1312 855 115
1336 789 1411 854 huic
1434 806 1529 853 uoca-

360 901 434 966 bulo
467 919 530 965 non
563 899 669 965 inesse
701 904 776 982 aut,
811 899 839 964 si
871 898 1012 980 inesset,
1038 916 1100 962 non
1133 897 1214 963 satis
1237 898 1325 962 clare
1347 895 1474 978 percipi
1497 900 1530 960 et

360 1007 577 1073 demonstrari
601 1026 695 1089 posse
718 1013 865 1088 apparet.
898 1006 981 1086 Capt
1004 1002 1079 1086 874,
1104 1024 1195 1086 quern
1217 1005 1319 1069 locum
1345 1002 1529 1068 sententiae

357 1134 435 1180 suae
459 1134 643 1197 repugnare
667 1115 795 1180 Loreuz
819 1112 889 1194 ipse
919 1112 1022 1194 uidit,
1051 1132 1115 1193 qua
1139 1113 1178 1176 de
1203 1131 1302 1177 causa
1325 1112 1530 1176 Philocrates

251 1206 260 1225 ⁸
357 1222 620 1288 adulescentulus
654 1220 854 1299 nominetur,
891 1219 1038 1299 intellegi
1071 1239 1131 1284 non
1165 1223 1285 1300 potest.
1332 1236 1435 1298 neque
1466 1236 1531 1297 qua

357 1328 487 1395 ratione
501 1328 679 1394 Pleusicles
699 1328 758 1392 Mil
783 1324 858 1409 264,
883 1324 959 1410 367,
984 1325 1049 1392 390
1065 1326 1337 1407 adulescentulus,
1363 1322 1437 1404 289,
1463 1321 1529 1389 440

358 1436 550 1500 adulescens
581 1432 775 1514 nominetur,
813 1433 928 1498 elucet.
976 1433 1059 1498 idenr
1095 1431 1236 1497 efficitur
1269 1451 1309 1497 ex
1344 1433 1430 1496 Poen
1465 1428 1528 1494 115

358 1541 488 1608 collatis
512 1542 660 1608 uersibus
681 1538 734 1623 78,
758 1539 812 1624 96,
837 1538 932 1606 1044.
982 1541 1043 1605 hac
1066 1540 1098 1605 in
1133 1560 1168 1605 re
1206 1539 1321 1604 mirum
1346 1545 1411 1619 est,
1444 1537 1529 1617 quod

359 1651 510 1714 Donatus
542 1649 584 1714 ad
610 1648 702 1713 Andr
725 1647 768 1714 55
791 1648 920 1714 addidit

467 1773 559 1839 Andr
583 1771 644 1838 55:
674 1765 783 1850 Quod
804 1767 959 1854 plerique
983 1789 1099 1832 omues
1114 1766 1253 1853 saee'uul
1277 1765 1530 1843 adulescentuli,

473 1875 516 1941 Vr
538 1876 690 1941 aurinum
713 1875 763 1941 ad
783 1874 925 1962 aliquod
946 1873 1096 1940 slueleuue
1126 1873 1320 1960 edreeugoul
1341 1882 1403 1939 aaut
1425 1896 1530 1960 equos

465 1983 569 2049 Alere
592 1991 653 2049 orel
675 2005 776 2048 eeues
799 1982 849 2048 ud
869 1981 1063 2048 ueuauduue
1088 1989 1149 2047 aul
1172 1981 1221 2047 ud
1235 1979 1464 2067 philosophos,

466 2096 632 2161 Donatus:
668 2087 762 2154 Beue
794 2089 1009 2166 demzuule'ue,
1041 2096 1079 2154 ul
1094 2096 1233 2175 propter
1260 2095 1404 2153 oetatem
1420 2086 1530 2174 sueile

360 2198 525 2284 eguoseot.
574 2207 663 2267 certe
692 2201 766 2266 huic
793 2200 976 2274 sententiae
1010 2219 1072 2265 non
1097 2201 1188 2264 deest
1210 2200 1362 2266 ueritatis
1386 2199 1530 2281 species:

362 2309 419 2375 sed
444 2309 562 2375 studiis
586 2309 652 2374 illis
683 2316 719 2375 ut
751 2308 949 2390 ignoscatur,
985 2308 1142 2373 uocabulo
1171 2307 1409 2372 adulescentuli
1451 2325 1531 2387 opus

364 2437 425 2482 nou
455 2422 537 2497 erat,
561 2417 637 2497 quia
652 2436 692 2481 ne
707 2416 937 2497 grandioribus
954 2415 1082 2496 quidem
1108 2421 1187 2480 natu
1214 2415 1293 2480 talia
1317 2414 1426 2480 studia
1446 2414 1533 2494 quis-

361 2543 456 2605 quanr
486 2524 658 2604 opprobrio
688 2522 790 2587 dabit.
837 2523 947 2604 itaque
977 2521 1005 2586 si
1036 2521 1210 2587 Terentius
1234 2521 1420 2603 scripsisset
1449 2514 1531 2580 adee-

360 2625 537 2710 uscerius,
561 2630 612 2694 uel
646 2630 703 2694 lroo
728 2630 916 2694 uocabulum
952 2628 1153 2694 excusationi
1177 2629 1293 2694 fnisset
1318 2629 1399 2694 satis
1424 2628 1529 2710 graui.

362 2756 401 2801 ac
425 2737 589 2818 plerisque
612 2737 708 2818 locis,
741 2737 769 2802 si
801 2736 1039 2802 adulescentuli
1062 2736 1220 2801 uocabulo
1246 2736 1309 2801 uim
1332 2735 1438 2801 inesse
1463 2736 1539 2800 lau.

362 2844 491 2909 dantem
533 2844 584 2908 uel
624 2845 843 2910 blandientem
882 2845 934 2910 uel
971 2844 1068 2910 aliam
1117 2843 1325 2909 deminutinis
1364 2841 1530 2908 uocabulis

361 2950 523 3032 propriam
557 2951 812 3016 demonstraturi
844 2971 1004 3032 essemus,
1046 2952 1157 3016 eadem
1190 2955 1261 3016 arte
1292 2947 1389 3014 etiam
1422 2948 1530 3013 adule-

362 3056 482 3120 scentis
507 3058 664 3122 uocabulo
688 3076 814 3138 semper
840 3057 909 3122 fere
933 3058 1066 3123 eandenr
1092 3057 1155 3123 uim
1180 3056 1328 3122 subicere
1352 3073 1529 3137 possumus

364 3162 476 3244 itaque
498 3161 526 3227 si
550 3181 659 3226 ornnes
683 3163 781 3244 locos,
805 3162 921 3243 quibus
938 3165 1018 3228 lraec
1041 3164 1200 3228 uocabula
1221 3168 1361 3243 exstant,
1385 3161 1532 3226 conside-

362 3269 554 3350 ranerirnus,
586 3288 718 3349 prorsus
741 3268 923 3350 prorniscue
956 3270 1039 3351 quod
1072 3269 1113 3334 ad
1154 3289 1280 3335 sensnm
1315 3268 1460 3351 pertinet
1493 3286 1533 3331 ea

363 3375 514 3456 usurpari
537 3374 634 3440 facile
659 3373 851 3440 uidebimus.

723 3531 1189 3616 Adulescenslrnaso.):

473 3657 551 3721 455
579 3655 653 3738 133,
670 3655 746 3740 337,
770 3657 845 3738 334,
869 3657 943 3738 333,
971 3661 1030 3725 43
1056 3659 1108 3736 33,
1133 3659 1185 3739 33,
1210 3659 1261 3741 33,
1280 3659 1355 3740 733,
1376 3661 1480 3726 nacon
1502 3658 1532 3736 7,

332 3801 333 3806 ,
364 3761 416 3845 33,
441 3761 516 3843 434,
541 3761 618 3844 337,
640 3763 716 3847 377,
741 3767 823 3846 oapi
847 3764 922 3845 105,
946 3764 1020 3847 140,
1046 3766 1121 3848 433,
1142 3767 1217 3850 433,
1251 3767 1325 3846 473,
1352 3766 1446 3845 4333,
1471 3769 1533 3832 cas

366 3868 419 3950 33,
450 3870 518 3935 orsi
553 3869 624 3951 125,
662 3869 736 3950 433,
773 3871 846 3951 433,
881 3871 954 3953 333,
990 3873 1065 3956 337,
1089 3874 1165 3957 734,
1188 3876 1272 3940 curo
1295 3874 1371 3956 333,
1397 3872 1482 3955 nun
1506 3875 1534 3954 1,

367 3975 439 4056 101,
465 3975 540 4059 164,
562 3976 638 4059 299,
669 3977 745 4062 436,
774 3978 849 4061 440,
882 3979 956 4064 433,
981 3979 1054 4060 333,
1080 3984 1152 4047 nen
1178 3980 1230 4065 75,
1257 3982 1331 4064 roo,
1363 3981 1436 4064 135,
1458 3979 1532 4060 333,

365 4082 440 4164 333,
465 4082 541 4166 434,
562 4082 636 4166 433,
661 4083 737 4169 333,
764 4084 859 4169 4334,
886 4085 980 4166 4333,
1000 4087 1095 4170 eoru,
1117 4087 1320 4172 43334373,
1345 4091 1434 4154 nen
1457 4085 1533 4166 437,
1603 4120 1605 4126 .

364 4186 439 4270 444,
464 4187 540 4272 447,
564 4188 639 4274 540,
663 4188 738 4273 550,
763 4191 838 4277 373,
864 4191 938 4276 337,
963 4191 1059 4274 4334,
1086 4193 1181 4278 4333,
1207 4195 1265 4260 uo
1289 4194 1342 4277 33,
1359 4193 1434 4276 333,
1458 4191 1532 4274 443,
1559 4193 1563 4200 ·
