3382 4794
821 386 1035 453 -40..

339 592 499 650 commota
522 585 662 665 puellam
686 584 860 649 sustulit
883 589 916 649 et
940 583 1103 650 educauit.
1150 585 1302 650 Sostrata
1320 604 1396 649 uero
1412 583 1512 648 filiam

340 699 518 782 proiectam
544 719 613 765 esse
638 701 777 781 putabat
801 695 847 780 (of
868 719 889 765 u
913 697 976 766 661
1017 693 1108 764 Chr:
1158 693 1257 781 Quid
1294 692 1514 764 renuntiarat

339 809 449 881 olim?
475 809 542 881 So:
570 809 709 880 Fecisse
736 809 774 880 id
802 811 891 899 qood
917 809 1129 899 iusseram);
1144 822 1309 881 seruatam
1327 835 1396 881 esse
1411 817 1511 881 filiam

342 924 413 1006 ipsa
436 922 613 1006 ignorauit.
648 923 771 1004 itaque,
796 924 878 1004 quod
904 923 1057 988 Chremes
1082 929 1172 989 reete
1195 923 1286 1004 dioit,
1310 942 1398 1004 spem
1424 923 1515 988 uitae

341 1030 442 1111 dedit,
464 1031 528 1095 'sed
560 1029 661 1112 ipsam
698 1031 871 1095 sustulisse
903 1030 967 1094 dici
997 1030 1125 1095 omnino
1155 1050 1216 1094 non
1250 1035 1370 1116 potest.
1419 1049 1514 1112 quarn

340 1148 381 1211 ob
411 1126 477 1211 rem
502 1139 551 1211 so’o
570 1138 768 1228 estfactum
792 1146 962 1212 Sostratae
991 1145 1232 1212 attribuendum
1250 1165 1311 1211 non
1331 1165 1399 1212 esse
1416 1147 1514 1211 faoile

343 1263 525 1344 apparebit.
574 1262 630 1327 sed
655 1262 806 1327 Chremes
829 1255 898 1327 sodo
917 1256 1002 1345 quid
1020 1256 1156 1345 fenario,
1186 1255 1356 1327 sustulisti
1367 1269 1401 1328 et
1412 1264 1515 1346 Syrus

342 1399 398 1444 ero
428 1398 580 1445 assensus
609 1371 658 1442 sic
677 1371 874 1461 estfactum
899 1378 1007 1444 dioere
1024 1384 1177 1461 poterant
1201 1381 1383 1446 Sostratam
1410 1380 1512 1462 ipsam

342 1489 441 1554 filiam
466 1486 639 1552 sustulisse
663 1494 697 1551 et
721 1487 802 1551 olam
828 1486 1028 1552 erluoandam
1055 1506 1185 1552 ornasse
1209 1487 1378 1568 suspicati.
1413 1489 1515 1569 Syro

341 1595 446 1676 igitur
469 1595 528 1661 illa
552 1596 653 1660 uerba
677 1595 894 1660 attribuamus
918 1611 1050 1660 neeesse
1067 1600 1127 1659 est.

451 1704 500 1766 De
524 1701 642 1766 ceteris
660 1701 733 1784 Syri
751 1701 861 1765 uerbis
878 1700 1019 1765 editores
1044 1701 1127 1766 falso
1139 1701 1379 1784 iudicauerunt,
1399 1703 1517 1785 quippe

343 1809 409 1892 qui,
443 1829 522 1875 uera
553 1808 689 1873 tollendi
721 1807 770 1872 uis
801 1827 883 1888 quae
907 1812 1002 1890 esset,
1027 1827 1090 1873 non
1116 1807 1357 1890 intellegerent.
1405 1817 1516 1876 exstat

345 1918 440 1999 enirn,
465 1916 588 1983 utiam
615 1913 757 1980 diximus
781 1913 815 1979 in
840 1914 950 1980 oodioe
975 1916 1022 1980 A:

450 2018 1314 2142 nourunuheousvsnnuuonvouvsutsm

343 2155 540 2228 litteramR
565 2160 694 2226 induxit
732 2165 897 2227 corrector
930 2177 1063 2240 reeens,
1097 2157 1148 2223 oui
1181 2159 1411 2225 auctoritatem
1445 2181 1517 2226 esse

342 2259 463 2326 nullam
489 2260 714 2342 Umpfenbaah
745 2255 827 2340 (edit
856 2256 954 2340 praef
981 2275 1002 2336 p
1029 2251 1104 2335 XI.)
1138 2256 1385 2323 demonstrauit.
1417 2259 1519 2323 ceteri

343 2394 469 2462 codices
499 2413 608 2461 omnes
637 2410 715 2477 erqo
744 2395 902 2476 praebent
923 2393 986 2459 nisi
1014 2360 1071 2473 ipo
1095 2393 1130 2459 C.

452 2511 620 2578 Bentleius
644 2529 722 2576 uero
746 2511 888 2576 codicum
907 2511 1076 2576 lectionem
1103 2515 1298 2591 aspernatus
1323 2509 1423 2574 nimia
1447 2529 1516 2574 oum

344 2618 480 2684 licentia
513 2611 627 2682 induor
664 2632 741 2698 erpo
769 2633 850 2682 erus
884 2617 1033 2684 coniecit.
1078 2617 1152 2682 lieri
1191 2617 1275 2682 enim
1318 2637 1381 2682 non
1424 2637 1518 2699 posse

345 2727 485 2810 putauit,
511 2732 546 2794 ut
570 2727 723 2792 Sostrata
747 2727 948 2792 Chremetem
973 2726 1090 2791 damno
1121 2744 1191 2790 esse
1215 2729 1345 2790 auctum
1371 2731 1518 2807 negaret.

347 2855 450 2916 neque
474 2835 507 2900 id
531 2835 629 2900 filiam
655 2855 689 2901 se
713 2854 776 2900 non
801 2834 970 2900 sustulisse
995 2835 1192 2900 contendere
1217 2854 1286 2898 eam
1316 2853 1418 2914 posse.
1459 2835 1518 2898 hoo

348 2943 465 3009 falsum
499 2961 590 3023 esse,
624 2943 807 3008 Sostratam
841 2961 876 3007 re
909 2960 988 3006 uera
1021 2961 1084 3006 non
1118 2940 1291 3006 sustulisse
1325 2941 1388 3005 iarn
1418 2960 1519 3021 supra

347 3049 496 3116 uidimus,
537 3049 653 3114 damno
678 3068 752 3114 uero
778 3067 865 3113 erum
897 3054 1028 3114 auctum
1060 3067 1140 3131 esse,
1170 3053 1208 3113 ut
1230 3047 1400 3113 Bentleius
1430 3055 1518 3113 recte

347 3157 511 3238 cognouit,
536 3157 689 3222 Sostrata
712 3175 834 3237 negare
866 3175 928 3220 non
953 3155 1081 3238 potuit3
1105 3156 1161 3221 sed
1192 3175 1262 3221 mea
1293 3155 1421 3236 quidem
1448 3174 1519 3221 sen-

348 3263 453 3329 tentia
477 3265 536 3328 hoo
560 3263 688 3328 omnino
712 3281 773 3326 uon
799 3267 910 3341 negat.
942 3281 1015 3328 narn
1040 3263 1142 3345 Syrus
1166 3282 1296 3328 auersu
1321 3260 1385 3328 625
1409 3262 1519 3328 uerbis

346 3369 526 3436 summissis
558 3387 665 3435 seeum
698 3369 860 3449 loquitur,
895 3369 1060 3452 ceterique
1091 3370 1167 3451 quid
1201 3370 1290 3435 dicat
1317 3388 1379 3435 non
1405 3370 1518 3435 audire

347 3477 518 3558 uidentur;
552 3476 588 3542 of
618 3495 638 3541 u
672 3473 747 3557 659,
781 3475 856 3543 663.
912 3477 1063 3544 Sostrata
1096 3477 1199 3558 igitur
1231 3497 1293 3543 non
1329 3477 1428 3559 Syro,
1461 3478 1518 3542 sed

349 3583 511 3652 Chremeti
535 3584 712 3666 respondet
735 3577 888 3663 minimo,
922 3591 957 3649 et
991 3604 1027 3650 re
1056 3604 1134 3652 uera
1165 3605 1234 3651 eam
1260 3605 1322 3650 non
1347 3583 1519 3651 sustulisse

348 3692 466 3758 iterum
499 3698 599 3772 atque
637 3690 755 3756 iterum
788 3689 1033 3758 affirmauimus.
1090 3712 1183 3773 quam
1218 3695 1257 3759 ob
1291 3712 1358 3757 rem
1393 3692 1521 3757 Bentlei

350 3797 595 3865 criminationes
620 3798 726 3864 falsae
749 3808 843 3882 sunt3
879 3818 984 3880 neque
1018 3801 1102 3881 quod
1126 3801 1210 3867 idern
1234 3800 1451 3881 Clitiphonem
1477 3799 1517 3864 si·

349 3905 499 3988 gnifioari
511 3910 603 3970 ratus
616 3898 731 3969 minor
758 3921 835 3987 erpo
854 3921 935 3972 orus
951 3910 1157 3977 scribendum
1178 3927 1248 3974 esse
1265 3907 1415 3988 oonieoit,
1432 3912 1520 3972 reete

347 4022 510 4089 iudicasse
521 4020 662 4086 uidetur.
687 4022 804 4086 nititur
815 4021 899 4086 enim
912 4017 1094 4101 Eugraphii
1106 4015 1335 4082 adnotatione:
1374 4007 1520 4079 ERGO

349 4128 530 4203 HERUS
556 4129 748 4202 DAMNO
776 4129 989 4203 AVCTUS.
1026 4147 1114 4198 noue
1136 4125 1289 4214 positum
1317 4121 1525 4195 AUCTUS

352 4245 555 4334 DAMNO,
591 4248 681 4338 quod
722 4247 753 4316 a·
788 4246 922 4317 coheres
950 4244 1070 4335 puello
1106 4240 1253 4326 uenerit,
1291 4261 1395 4328 pauor
1431 4239 1525 4314 demo
