3382 4794
850 377 1068 446 -44..

368 587 450 652 bach
474 590 551 651 aute
581 577 667 650 sciis
694 583 851 666 scripturn
876 582 977 648 luisse
1000 574 1244 656 Aur-bimatum
1259 582 1540 664 quaenotaChre-

368 691 463 758 metis
504 711 674 775 personam
715 692 890 775 significat.
946 712 1017 760 mea
1049 692 1177 773 quidem
1218 690 1383 756 sententia
1415 697 1539 771 patrem

368 793 503 866 muliere
548 799 607 866 illa
652 800 792 866 nondum
835 801 1002 866 nominata
1040 798 1140 865 filium
1183 799 1318 864 laudare
1365 796 1541 862 uerisimile

368 927 431 973 non
456 911 529 990 esl3
552 913 688 974 matrem
714 926 801 988 uero,
825 913 861 974 ut
885 915 934 973 est
957 907 1083 973 fautrix
1106 905 1165 972 filii
1190 903 1236 988 (cf
1256 904 1380 986 ubet),
1406 904 1542 969 laudare

367 1013 476 1096 potius
510 1013 702 1080 crediderim
728 1020 761 1080 et
795 1015 846 1080 uel
880 1035 919 1081 ea
952 1036 987 1080 re
1017 1015 1172 1096 gaudere,
1197 1013 1282 1094 quod
1307 1011 1449 1094 Clitipho
1473 1011 1542 1092 ipse

368 1140 500 1188 uxorem
518 1121 582 1188 sibi
598 1121 785 1189 delecturus
809 1129 869 1188 est.
895 1143 935 1188 ex
959 1123 1116 1189 uocabulo
1144 1137 1250 1203 macc,
1276 1125 1542 1202 pateranmater

368 1228 467 1309 dicat,
492 1229 579 1296 ellici
611 1248 671 1295 non
707 1236 832 1311 potest,
861 1229 947 1311 quod
972 1237 1006 1295 et
1029 1237 1124 1312 pater
1148 1235 1182 1294 et
1206 1238 1311 1294 mater·
1335 1234 1434 1293 antea
1458 1227 1543 1293 uitu-

367 1344 576 1419 peranerant.
623 1345 750 1418 patrem
785 1337 902 1402 deinde
920 1331 1006 1402 sutis
1022 1331 1138 1420 piacet
1161 1335 1270 1401 dicere
1288 1345 1541 1403 consentaneum

369 1454 420 1512 est
444 1445 555 1527 eisque
581 1445 690 1511 uerbis
714 1445 883 1511 consilium
899 1443 958 1510 lilii
975 1446 1202 1526 comprobare3
1232 1465 1305 1510 nam
1329 1445 1418 1527 patri
1441 1447 1542 1528 potis-

368 1553 482 1620 simum
497 1572 687 1634 camenam
705 1551 847 1633 Clitipho
863 1570 992 1617 uxorem
1018 1552 1188 1617 ducturum
1207 1572 1241 1618 se
1265 1572 1337 1618 esse
1359 1553 1543 1619 declarabit.

367 1663 497 1744 placere
521 1663 704 1742 oportebat.
748 1677 959 1741 personarum
985 1678 1062 1724 uero
1088 1666 1183 1725 notas
1206 1661 1284 1740 quin
1310 1667 1479 1743 nruternus,
1504 1681 1541 1726 eo

367 1767 472 1834 minus
496 1767 699 1849 impedimur,
724 1767 809 1848 quod
826 1766 954 1831 codices
973 1765 1059 1831 inter
1077 1785 1112 1831 se
1129 1766 1361 1832 dissentientes
1377 1775 1541 1849 tamquam

366 1897 426 1944 sua
457 1875 521 1958 ipsi
555 1875 691 1942 uulnera
715 1873 809 1940 nobis
844 1872 1030 1939 ostendunt.
1084 1873 1292 1940 scribendum
1324 1875 1426 1954 igitur
1458 1876 1540 1941 erit:

369 1986 427 2058 ct:
459 1987 582 2073 lmnno,
612 1982 890 2075 quondoquidem
917 1984 1117 2071 ducendast,
1147 1991 1274 2071 cponrci
1301 1984 1402 2055 dobeo
1415 2009 1541 2076 prope-

582 2102 722 2171 modurn

373 2221 487 2309 Quom
528 2217 613 2289 uolo.
671 2215 738 2288 So:
778 2215 885 2286 Ncuc
922 2216 1035 2303 laudo,
1070 2223 1183 2304 pacta
1246 2216 1305 2287 Oi:
1343 2214 1539 2289 Archonidi

581 2331 686 2404 liuius
710 2331 832 2422 fidium.

369 2453 453 2525 Cir:
480 2451 575 2524 Satis
596 2450 721 2541 piacet.
783 2449 846 2520 Cis
874 2448 980 2520 Poicr
999 2473 1029 2540 p.
1060 2471 1086 2520 s.

474 2582 631 2651 Versibus
656 2577 877 2647 1056--1059
900 2579 1125 2663 Umpfenbach
1149 2587 1237 2647 recte
1250 2601 1407 2663 personas
1426 2583 1542 2649 distin·

366 2693 451 2760 risse
466 2691 607 2760 uidetur.
624 2708 697 2756 nam
713 2683 760 2753 ud
778 2703 831 2752 mc
850 2680 979 2771 recipio
994 2688 1201 2754 Menedemus
1217 2688 1324 2752 dicere
1340 2709 1400 2755 non
1421 2698 1540 2772 potest,

365 2800 483 2882 quippe
514 2799 570 2882 qui
599 2794 791 2878 Clitiphonis
824 2795 944 2862 nullam
979 2796 1100 2862 lrabeat
1132 2801 1339 2878 potestatem,
1364 2817 1467 2879 neque
1500 2801 1540 2864 ob

365 2907 499 2974 eandem
534 2926 665 2975 causam
696 2896 802 2985 facici
829 2896 955 2972 omnio.
982 2903 1038 2968 sed
1063 2902 1121 2968 illa
1156 2896 1238 2967 icccc
1265 2900 1349 2968 riom
1377 2898 1539 2989 incipias,

361 3009 491 3097 procia
518 3017 609 3098 suni,
639 3013 790 3103 dumque
817 3013 973 3100 iaceres·
1000 3012 1058 3082 ubi
1086 3013 1250 3101 copooris,
1277 3009 1401 3103 foedio
1430 3022 1540 3087 rnolle-

365 3141 433 3187 rem
463 3121 574 3187 dicere
603 3143 666 3190 non
692 3127 796 3208 decet,
821 3125 937 3192 nedum
963 3134 1154 3193 matronam.
1182 3146 1212 3193 u.
1238 3123 1323 3194 1057
1348 3128 1408 3194 cod
1434 3133 1460 3195 A
1486 3130 1540 3196 So-

364 3235 504 3296 stratam
535 3223 641 3314 pcrii,
680 3248 728 3296 on
768 3225 904 3296 dubitas
950 3224 1097 3316 Clitipho
1130 3233 1290 3300 dicentem
1317 3237 1465 3320 praebet,
1489 3257 1538 3302 co·

365 3337 455 3402 dices
480 3355 556 3402 uero
575 3337 779 3404 recensionis
795 3337 1019 3421 Calliopianae
1037 3340 1212 3423 Clitiphoni
1233 3342 1420 3408 attribuunt
1430 3337 1537 3426 pierii,

365 3445 535 3510 Sostratae
572 3463 619 3509 oo
646 3438 783 3511 dubiim
814 3439 971 3530 Clitipho.
1030 3447 1111 3514 illud
1143 3449 1269 3530 recepit
1301 3450 1538 3532 Umpleubach,

366 3556 425 3620 hoc
449 3553 622 3636 Dziatzko,
648 3554 806 3638 Wagner,
833 3555 940 3620 Klotz.
989 3555 1066 3621 rnihi
1085 3550 1181 3639 parii
1210 3578 1335 3640 quoque
1356 3559 1537 3625 Sostratam

364 3661 474 3727 dicere
507 3660 756 3744 praeferendum
787 3661 929 3728 uidetur.
977 3683 1049 3729 narn
1079 3670 1251 3747 postquam
1282 3666 1424 3748 Clitipho
1455 3667 1539 3734 dixit

359 3761 456 3853 perii
479 3788 580 3849 eoque
605 3770 704 3835 uerbo
728 3770 813 3835 nolle
837 3789 871 3835 se
895 3789 1027 3836 uxorem
1052 3769 1171 3838 ducere
1194 3773 1384 3856 declarabit,
1411 3776 1539 3843 Sostra·
1656 3833 1657 3870 3

367 3886 421 3941 tae
444 3877 546 3942 uerba
581 3868 808 3942 addubitas?
829 3897 957 3945 sensurn
988 3879 1110 3945 habent
1138 3881 1275 3962 nullum,
1305 3879 1361 3948 sed
1385 3882 1536 3964 Clitipho·

366 4000 436 4049 nem
467 4003 501 4050 re
531 4003 609 4052 uera
638 3983 736 4050 etiam
766 3983 918 4052 dubitare
952 4004 1085 4052 necesse
1110 3998 1168 4053 est.
1217 3986 1301 4054 idem
1327 3989 1471 4056 efficitur
1495 4010 1535 4055 ex

367 4089 547 4158 Chremetis
572 4091 681 4158 uerbis
704 4083 819 4173 immo,
841 4091 960 4155 ciram
989 4087 1069 4175 uolt,
1095 4092 1211 4174 quibus
1244 4097 1322 4161 haec
1346 4095 1448 4162 ferme
1474 4095 1539 4162 dic-

367 4203 459 4265 turus
489 4203 554 4267 est:
586 4198 653 4264 noli
678 4205 712 4265 tu
737 4200 826 4266 illum
851 4200 1050 4266 auctoritate
1075 4207 1131 4266 lua
1155 4220 1368 4286 commouere,
1392 4204 1449 4269 sed
1474 4203 1540 4286 ipse
