3382 4794
829 437 1047 508 ,18-

341 630 549 720 gecoc'ssen
572 630 1028 728 Naturnotroandr'gkaa't
1042 629 1285 716 producz'ert
1307 652 1359 694 zu
1382 627 1519 694 haban.

347 744 478 825 quaesi
512 744 767 825 probauerimus,
800 743 942 809 fabulam
975 764 1015 808 ex
1046 739 1244 825 etymologia
1268 740 1390 807 Latina
1414 750 1521 807 ortam

348 869 419 915 esse
443 869 505 915 non
523 849 628 915 minus
645 850 827 932 tingendum
847 850 1049 915 censebimus
1065 869 1159 930 quam
1178 848 1262 929 quod
1279 846 1394 916 Liuius
1412 860 1438 932 Ι,
1456 854 1520 936 4,7

348 956 520 1020 nonnullos
544 962 678 1037 putasse
704 955 823 1022 tradit:
847 949 1047 1016 Larentiam
1071 951 1221 1038 uulgato
1246 958 1384 1036 corpore
1406 945 1522 1030 lupam

346 1057 432 1124 anter
439 1064 600 1143 pastores
614 1064 786 1124 uocatam:
801 1057 878 1123 riade
890 1057 999 1123 locum
1005 1057 1204 1144 fabulncnc
1216 1055 1377 1124 miraculo
1392 1055 1521 1121 datram.

455 1171 612 1238 Omnibus
636 1171 739 1252 igitur
762 1170 936 1253 uestigiiia
958 1191 1041 1252 quae
1058 1171 1234 1237 Buecheler
1258 1171 1381 1252 attulit,
1399 1169 1521 1235 nullam

348 1279 562 1360 persuadendi
589 1279 817 1344 necessitatem
842 1278 947 1345 inesse
969 1279 1120 1359 uidimus,
1154 1297 1256 1358 neque
1281 1278 1320 1342 de
1343 1276 1402 1342 illa
1418 1277 1523 1340 Bach-

348 1385 434 1450 ofeni
474 1384 640 1466 doctrina,
688 1405 782 1467 quam
819 1387 912 1451 Leist
953 1386 1139 1451 Delhrueck
1178 1385 1234 1450 alii
1281 1383 1523 1462 reiutauerunt‚

348 1491 488 1573 amplius
513 1491 599 1572 loqui
624 1493 904 1574 operaepretium
928 1500 1023 1574 esset,
1049 1493 1110 1559 nisi
1136 1493 1336 1559 auctoritate
1355 1491 1523 1557 Francisci

349 1600 528 1665 Buecheler
552 1599 615 1664 uiri
640 1599 821 1665 doctissimi
854 1608 887 1666 et
918 1602 957 1666 de
980 1599 1106 1681 priscae
1130 1599 1308 1666 latinitatis
1340 1599 1525 1681 cognitione

349 1705 489 1770 omnium
521 1705 640 1786 optime
665 1706 773 1771 meriti
798 1715 974 1773 commotus
998 1727 1113 1790 essem,
1148 1714 1184 1772 ut
1207 1727 1318 1772 omnes
1343 1706 1525 1772 comoedias

351 1812 653 1893 comoetliarumque
677 1814 832 1894 reliquias
863 1815 980 1881 iterum
1012 1814 1192 1895 iterumque
1222 1819 1445 1895 perscrutatus
1479 1833 1526 1878 es·

352 1927 468 1984 sentne
486 1938 563 1985 uera
580 1919 650 1986 eius
671 1919 718 1986 rei
734 1928 929 2003 argumenta
946 1923 1148 2002 inulagarem.
1182 1926 1393 1988 occurrerunt
1416 1926 1525 1986 autem

352 2026 524 2105 quaerenti
548 2026 609 2091 loci
635 2027 687 2092 hi:

460 2134 538 2199 Asin
571 2132 635 2199 853
668 2139 847 2202 Artemona
880 2144 1000 2204 mater:
1035 2154 1198 2218 meoque
1217 2132 1297 2220 filio
1338 2131 1459 2198 scranto
1491 2130 1530 2195 id

349 2236 467 2317 fucare
481 2233 663 2323 flagitium
681 2240 844 2323 patrem?

461 2346 549 2428 Bpid
580 2346 645 2413 573
677 2351 905 2432 interrogante
936 2357 1059 2417 matre:
1095 2348 1169 2435 qur's
1199 2346 1302 2412 estnec
1326 2354 1386 2424 cst,
1423 2369 1527 2434 qnam

353 2455 389 2512 tn
412 2448 564 2514 osculum
587 2449 784 2537 mrhr‘serra
807 2452 926 2519 nrbes?
954 2465 1047 2540 pater
1080 2461 1191 2535 (filiam
1227 2459 1310 2524 enim
1342 2459 1431 2524 illam
1456 2478 1528 2524 esse

252 2547 257 2557 ’
355 2556 478 2640 putatl:
506 2562 583 2621 tna
602 2557 688 2640 silea.

463 2668 552 2734 Haut
571 2666 656 2734 1016
670 2677 772 2735 mater
787 2671 829 2736 acl
846 2672 1014 2755 coniugem
1030 2693 1125 2740 uersa
1138 2691 1226 2756 agon
1242 2668 1405 2756 confitear
1418 2691 1527 2735 marom

355 2791 421 2834 non
446 2791 518 2835 csse
530 2769 658 2858 filium,
683 2772 744 2857 qni
762 2773 808 2837 sa
826 2795 931 2839 meres,

461 2882 579 2946 Phnrrn
610 2880 693 2948 1039
728 2891 824 2965 patre
859 2892 1032 2967 praesente
1069 2889 1220 2954 Phormio
1255 2889 1295 2955 au
1330 2888 1528 2970 Antiphonis

354 2995 489 3053 matrem
515 3007 630 3053 uersus
655 3006 714 3049 aas
738 2984 820 3051 dedi
842 2993 948 3073 inquit
971 2996 1028 3054 tao
1047 2997 1169 3076 granta.

464 3095 534 3160 Hec
564 3094 629 3161 538
665 3105 760 3178 pater
796 3097 867 3179 ipse
897 3118 1028 3166 uixorem
1058 3101 1224 3183 increpat:
1269 3120 1347 3164 nam
1375 3097 1529 3184 negabas

356 3202 493 3281 nuptam
509 3203 614 3281 posse
626 3197 742 3284 filiano
766 3205 859 3265 luant
880 3207 911 3264 te
927 3202 1013 3286 pali.

463 3308 649 3372 Possuutne
674 3308 785 3373 afferri
804 3310 835 3374 hi
855 3311 918 3376 loci
939 3331 998 3394 pro
1015 3323 1205 3395 argtunento
1220 3336 1282 3397 quo
1303 3325 1437 3384 matrem
1454 3319 1529 3384 olim

358 3413 502 3480 familiae
525 3415 626 3480 fuisse
650 3415 829 3498 prinoipem
854 3417 1064 3486 affirmetur?
1110 3422 1256 3489 minime:
1295 3425 1403 3492 eodem
1438 3427 1530 3491 modo

359 3521 458 3587 etiam
483 3522 574 3588 Haut
593 3520 677 3588 1025
702 3521 821 3590 afferre
844 3545 1022 3608 possumne,
1046 3547 1108 3608 quo
1130 3549 1171 3594 ex
1193 3531 1262 3595 loco
1287 3531 1314 3595 si
1338 3533 1410 3612 quis
1434 3553 1531 3614 argu·

359 3632 500 3693 mentum
514 3646 641 3694 sumere
657 3628 745 3712 uelit,
759 3649 829 3696 eum
842 3631 1000 3697 aratione
1014 3636 1188 3700 abhorrere
1202 3656 1258 3702 suo
1269 3639 1338 3704 iure
1353 3641 1532 3706 Buecheler

360 3734 428 3815 ipse
452 3735 629 3800 contendit.
677 3736 887 3816 nequeenim
914 3737 1057 3820 singulos
1081 3742 1167 3808 locos
1192 3763 1208 3807 e
1233 3751 1386 3811 contextu
1410 3748 1533 3813 solutos

361 3846 507 3907 tractare
531 3841 625 3908 licet:
661 3863 741 3923 quos
769 3843 796 3908 si
826 3847 1079 3929 amansium,
1115 3853 1148 3914 et
1184 3851 1238 3930 qui
1267 3852 1467 3919 antecedunt
1500 3864 1534 3918 et

362 3947 415 4028 qui
453 3954 646 4029 sequtmtur,
684 3969 824 4016 conexos
858 3952 1187 4036 considerauerimus‚
1225 3977 1288 4024 non
1326 3959 1397 4024 sine
1435 3981 1535 4027 caiisa

362 4053 418 4118 illo
451 4054 543 4119 modo
580 4055 701 4121 dictum
735 4075 807 4122 esse
842 4057 939 4123 facile
975 4060 1210 4142 intellegemus.
1257 4071 1430 4145 praeterea
1463 4087 1535 4132 con·

311 4213 315 4220 .
362 4157 523 4228 feramus:

471 4266 550 4331 Asin
580 4266 645 4334 875
674 4269 785 4336 eadem
817 4273 1013 4340 Artemona:
1046 4270 1077 4335 is
1104 4271 1205 4337 elram
1234 4282 1414 4360 corruptas
1437 4299 1534 4342 suom

363 4367 551 4452 corrumpit
560 4367 687 4454 filricm.
