3382 4794
842 422 1059 491 ..48-

373 619 457 692 Sine
493 627 611 693 nostru
659 644 745 692 curo
786 623 942 693 αααααα
985 646 1050 695 suo
1092 647 1177 694 curu
1219 625 1309 696 sol-us
1338 623 1429 714 fecit.

375 738 455 804 haec
471 735 568 802 lectio
592 740 643 802 est
667 734 788 801 codicis
814 739 857 820 A,
882 743 1046 803 corrector
1070 744 1177 805 autern
1204 738 1367 805 recentior
1392 738 1541 805 uocahuli

366 843 450 906 solus
486 848 520 908 et
565 859 590 906 α
614 848 645 908 et
664 842 817 910 alitteris
832 843 975 911 inductis
989 839 1061 909 solo
1086 847 1239 925 correxit,
1273 845 1470 912 auctoritate
1508 846 1540 911 ni

370 951 467 1018 fallor·
492 948 715 1031 balliopiauae
739 951 936 1018 recensionis
952 960 1129 1018 commotus
1145 948 1193 1033 (of
1206 952 1431 1034 Umpienbach
1447 953 1545 1034 prael

368 1061 498 1148 le.).
533 1065 628 1132 huius
661 1065 745 1132 enim
780 1066 907 1133 codices
940 1086 1049 1133 omnes
1082 1069 1241 1148 praebent
1264 1069 1435 1136 lectionem
1461 1063 1543 1134 hoec

369 1167 449 1244 solo.
500 1179 671 1254 utramque
705 1173 874 1243 lectionem
900 1173 962 1240 ianr
989 1175 1080 1240 nouit
1108 1177 1265 1258 Donatus,
1289 1176 1344 1242 sed
1368 1169 1423 1240 hic
1451 1171 1542 1241 solus

367 1281 459 1364 legit,
491 1300 554 1348 non
587 1274 689 1346 solos.
739 1281 962 1363 Eugraphium
1005 1288 1123 1362 autern,
1158 1302 1227 1348 curn
1262 1284 1416 1365 explanet
1448 1300 1543 1348 nunc

367 1391 439 1463 solo
476 1389 677 1464 baccones
705 1397 828 1462 cuncto
857 1390 1038 1481 compleuit
1066 1399 1170 1480 ipsum
1201 1391 1284 1464 hoco
1311 1393 1382 1464 solo
1420 1401 1542 1482 legisse

368 1509 558 1598 apparet*),
582 1513 640 1580 sed
655 1514 868 1596 Sophronam,
884 1513 1013 1580 etiamsi
1029 1535 1049 1582 u
1064 1513 1128 1581 752
1146 1515 1226 1582 dicit
1253 1517 1292 1581 ul
1319 1510 1420 1600 potui
1452 1533 1541 1600 cup·

367 1623 441 1688 lum
469 1615 644 1705 cirpincrn
672 1614 784 1686 locour‘
812 1615 892 1687 huic
915 1615 1139 1705 adulescenti,
1157 1622 1339 1704 significari
1355 1643 1418 1690 non
1434 1643 1540 1706 posse,

369 1749 440 1796 oum
496 1729 554 1796 illa
607 1729 780 1798 maximam
837 1749 946 1795 eurarn
999 1749 1059 1795 non
1107 1729 1324 1813 impenderit,
1370 1750 1427 1797 suo
1471 1731 1543 1797 iure

370 1837 533 1904 Dziatzko
558 1836 701 1917 (Phorm.
728 1836 778 1903 ed.
803 1837 940 1918 append.
964 1836 1038 1903 orit.
1062 1857 1082 1919 p
1108 1835 1184 1917 135)
1209 1838 1393 1919 contendit;
1420 1838 1477 1905 sed
1502 1857 1542 1904 ne

371 1946 515 2028 Antipho
534 1945 674 2027 quidem,
707 1964 800 2027 quern
825 1943 1007 2026 significari
1041 1944 1092 2011 uir
1116 1945 1171 2010 ille
1197 1945 1403 2012 doctissimus
1436 1952 1543 2028 putat,

370 2074 440 2120 mea
473 2053 601 2134 quidem
633 2053 798 2119 sententia
833 2053 983 2133 intellegi
1014 2059 1134 2135 potest,
1169 2072 1240 2118 cunr
1274 2073 1314 2118 ue
1353 2053 1379 2118 is
1412 2052 1541 2134 quidem

370 2181 525 2228 summam
558 2179 688 2243 operam
723 2160 792 2242 ipse
822 2159 1066 2241 consumpserit.
1114 2159 1185 2240 quis
1210 2166 1317 2224 autern
1343 2179 1379 2225 re
1404 2179 1482 2226 uera
1508 2169 1544 2225 ut

371 2269 505 2351 nuptiae
524 2269 791 2350 fie1·ent,sumrna
807 2267 839 2332 ui
857 2267 1061 2332 contenderit
1086 2299 1125 2307 -—
1152 2265 1379 2332 Phormionem
1397 2275 1474 2348 puto
1491 2303 1545 2349 -,

371 2377 523 2444 Chremes
547 2376 687 2442 nondum
712 2374 848 2458 audiuit,
874 2374 931 2440 sed
956 2374 1113 2454 quomorlo
1140 2393 1192 2438 res
1219 2373 1308 2439 facta
1331 2373 1386 2454 sit,
1412 2374 1543 2440 omnino

372 2487 514 2567 ignorat.
561 2507 666 2569 neque
690 2487 891 2552 Chremetem
912 2483 1027 2564 ipsmn,
1052 2483 1078 2547 si
1104 2485 1205 2549 uerba
1229 2481 1298 2547 eius
1321 2475 1358 2544 (α’
1386 2481 1545 2546 uestrum

368 2597 484 2687 fidem,
515 2619 619 2688 quom
652 2617 752 2684 corpe
777 2594 866 2683 sorte
903 2599 1027 2663 lcrrrcre
1055 2615 1084 2681 q.
1116 2616 1142 2663 s.
1179 2599 1365 2663 accuratius
1399 2597 1547 2664 consirle·

373 2711 565 2794 ranerimuS,
604 2729 661 2791 per
702 2710 858 2775 hominem
895 2707 1015 2772 iactum
1049 2725 1121 2770 csse
1157 2714 1275 2787 putare
1309 2705 1547 2785 intellegemus,

374 2820 432 2885 sed
456 2838 513 2902 per
537 2819 769 2898 Fortunam,
794 2812 897 2896 τύχην,
923 2832 1005 2895 quae
1029 2814 1142 2894 quanti
1162 2813 1247 2893 apurl
1266 2819 1380 2892 poetas
1406 2811 1547 2877 comicos

373 2935 407 2993 et
431 2925 576 2992 Graecos
600 2928 633 2990 et
656 2924 820 2989 Romanos
846 2921 1019 3000 fuerit,ex
1046 2921 1182 2985 horeum
1206 2920 1311 2984 Pseurl
1342 2918 1440 3000 praei
1466 2915 1548 2998 pao

372 3033 471 3100 facile
515 3031 739 3114 cognoscitur,
789 3028 957 3109 superiore
1004 3026 1144 3107 quadam
1190 3037 1289 3107 atque
1335 3033 1372 3091 ut
1417 3025 1465 3090 ita
1499 3026 1547 3090 ‹li-

374 3159 443 3207 cam
479 3139 593 3206 diuina
628 3143 757 3203 natura.
804 3134 911 3202 omnia
944 3132 1115 3199 confestim
1145 3133 1177 3198 iu
1221 3139 1336 3214 aperto
1371 3140 1478 3214 erunt,
1520 3133 1547 3196 si

373 3250 565 3316 scribemus:

484 3358 635 3447 Quocum
664 3353 816 3424 uolebam
844 3357 875 3423 ct
902 3358 941 3422 ul
968 3350 1119 3421 uolebant
1155 3351 1347 3421 collocutum
1375 3345 1547 3426 omorc**)

374 3493 447 3541 nam
472 3492 530 3538 arn
544 3491 586 3535 or
611 3489 646 3535 re
671 3486 760 3546 uera,
783 3467 866 3548 quorl
882 3485 976 3531 senes
993 3464 1130 3530 maximo
1146 3483 1242 3546 opere
1257 3470 1292 3529 ut
1307 3463 1401 3528 ficret
1416 3482 1547 3543 operam

375 3590 544 3670 dederant,
577 3585 664 3651 solus
699 3584 795 3665 lecit,
830 3583 905 3648 cfu
939 3580 1002 3647 756
1038 3576 1200 3664 quomodo
1255 3572 1344 3642 hono
1392 3594 1549 3642 annuus

374 3681 495 3752 habere
517 3683 641 3770 posset.
673 3683 767 3748 huius
783 3676 931 3747 lectionis
948 3679 1121 3760 uestigium
1134 3679 1220 3743 solus
1231 3678 1333 3743 codex
1348 3683 1374 3742 Α
1390 3675 1547 3746 seruauit.

482 3889 509 3956 u)
529 3887 708 3959 Eugraphius
728 3885 800 3954 qrrod
819 3888 902 3938 antea
922 3882 1040 3937 codicem
1062 3883 1094 3948 A,
1114 3897 1188 3935 nunc
1202 3879 1388 3934 recensionem
1403 3876 1548 3946 (lalliupia-

375 3997 438 4036 nanu
458 3979 594 4048 seqnitur,
613 3994 667 4033 non
687 3981 730 4031 est
750 3975 821 4043 qnou
842 3972 990 4038 miremnr3
1015 3971 1045 4024 cf
1062 3969 1252 4038 Urnpienhach
1273 3969 1304 4022 erl
1324 3967 1435 4036 praelp
1451 3965 1547 4020 XLIV.

482 4068 527 4137 ”l
546 4068 678 4124 Libenter
693 4063 849 4134 scripserim
862 4061 958 4116 Amori
966 4081 975 4128 ,·
993 4061 1040 4114 seh
1056 4060 1180 4114 datiarum
1196 4059 1331 4114 Graccum
1351 4073 1431 4124 quiem
1446 4063 1549 4110 nocant

376 4158 492 4215 Terenti
511 4161 604 4214 aetate
623 4157 674 4212 hoc
693 4155 770 4210 morlo
790 4152 910 4208 nonrlnrn
930 4153 1094 4219 usurpatum
1116 4164 1175 4202 esse
1194 4165 1210 4202 a
1232 4147 1381 4214 Tillnrann,
1401 4146 1433 4198 cle
1453 4143 1548 4200 (latino

376 4250 481 4306 Graeco
500 4247 539 4316 (in
559 4245 639 4302 Actis
659 4242 798 4299 seminarii
819 4238 1000 4309 hlrlangensis
1020 4239 1053 4292 ab
1074 4239 1123 4292 ild.
1144 4236 1285 4293 Woelfflin
1305 4233 1398 4298 editis)
1420 4231 1546 4302 cognoui.
