3382 4794
822 399 1040 466 „54-

337 601 442 666 adniti
476 606 561 682 sunt,
596 605 705 664 tamen
737 617 799 663 non
833 597 930 662 aliter
963 603 1066 678 agunt
1095 617 1133 662 ao
1157 597 1184 662 si
1208 595 1300 678 pueri
1326 600 1456 676 essent3
1481 592 1516 658 ef

337 701 425 765 Mero
450 696 514 766 976
529 713 635 762 nouos
658 696 802 777 omniur,
827 695 927 760 uetus
936 710 1051 778 ouem
1076 695 1166 760 Mero
1189 692 1265 776 294,
1292 689 1387 758 modo
1402 685 1514 756 herede

336 800 375 870 iu
400 807 547 871 ¹ruentem
574 797 681 886 uenit,
711 796 797 888 quid
824 802 862 867 iu
880 795 1051 867 demeres:
1078 817 1183 866 senex
1215 816 1315 885 quom
1349 792 1514 881 extempio

336 907 409 977 iam
445 929 507 978 nee
547 905 649 976 santii
686 926 748 974 nee
779 903 881 993 sapit,
911 902 1014 973 aiunt
1039 903 1145 973 solere
1173 924 1251 972 eum
1279 920 1423 971 rursum
1459 920 1514 968 re-

332 1036 564 1104 ,puerorum
588 1019 634 1084 sio
659 1018 756 1084 etiam
777 1010 927 1102 puerilis
956 1016 1014 1081 Mil
1044 1014 1118 1094 618,
1148 1017 1230 1080 Pers
1255 1013 1329 1096 591,
1355 1014 1435 1080 Trin
1461 1011 1514 1092 43,

337 1129 454 1192 Pirorin
489 1127 569 1213 2493
602 1140 844 1208 repuerascere
873 1125 948 1189 Com
975 1143 994 1204 p
1018 1121 1082 1188 254
1100 1123 1169 1188 Nou
1194 1121 1224 1187 2.
1243 1122 1277 1187 oi
1298 1123 1383 1188 Com.
1404 1121 1515 1185 Graec

339 1227 472 1307 Fragm.
509 1230 557 1294 ed.
577 1231 745 1308 Meineke
778 1232 813 1296 ΙΙ
847 1228 912 1296 818
946 1232 1068 1312 Theop.
1092 1228 1128 1312 73
1162 1231 1199 1308 V,
1236 1228 1275 1296 16
1309 1227 1422 1294 Cratin
1458 1227 1514 1293 13:

338 1330 383 1392 ὂὶσ
407 1332 507 1394 idoneo
537 1335 561 1395 oi
587 1338 732 1422 ῖέροντεσ.
780 1358 860 1420 puer
898 1339 998 1420 igitur
1023 1357 1087 1402 nox
1111 1337 1342 1403 contumeliosa
1366 1341 1424 1416 est,
1449 1355 1516 1416 qna

339 1441 435 1506 Micio
462 1445 614 1510 Demeam
639 1446 736 1511 annis
761 1465 870 1510 senem
897 1444 1026 1526 ingenio
1051 1462 1185 1526 nurerum
1219 1443 1375 1524 appellat.
1424 1427 1514 1506 certe

339 1550 416 1613 haec
441 1551 616 1616 translatio
643 1553 690 1616 nei
717 1558 851 1633 propter
876 1551 1072 1617 eontrarium
1091 1551 1142 1616 uel
1159 1568 1333 1631 oxynroron
1352 1549 1392 1614 ad
1410 1554 1513 1613 totum

337 1655 397 1720 loci
423 1663 606 1724 contextum
643 1659 763 1740 optime
797 1660 958 1724 conuenit.
1011 1677 1050 1722 ao
1083 1658 1239 1739 probatur
1275 1658 1354 1721 haee
1389 1656 1515 1721 corneo-

337 1768 412 1828 tura
436 1783 475 1828 ea
499 1785 545 1842 re,
570 1767 653 1845 quod
678 1765 774 1830 etiam
800 1772 897 1830 antea
916 1765 1010 1829 Micio
1037 1771 1067 1829 et
1087 1765 1221 1830 fratrem
1240 1771 1272 1828 et
1288 1763 1388 1828 filium
1404 1762 1515 1827 uerbis

336 1879 482 1961 appellet
506 1880 636 1946 minime
661 1880 804 1946 blandis:
828 1873 965 1963 direptis,
1014 1874 1127 1960 osiae,
1171 1873 1316 1961 deiirns,
1364 1871 1513 1960 irradiare,

335 1979 427 2049 satin
457 2002 566 2051 seuera
595 1980 660 2052 es?

444 2094 574 2158 Dixerit
606 2095 748 2160 fortasse
782 2095 941 2176 quispiam
974 2094 1169 2159 Aeschinum
1193 2114 1212 2159 a
1238 2095 1360 2159 Demea
1385 2094 1453 2174 ipso
1481 2112 1510 2156 n.

335 2197 398 2264 941
438 2200 531 2279 qnasi
568 2207 732 2266 auctorem
770 2201 896 2266 oonsiiii
934 2201 1110 2283 norninari3
1150 2201 1201 2266 hio
1240 2221 1316 2266 uero
1341 2201 1432 2265 dolus
1457 2205 1512 2264 est

337 2308 479 2372 Demeae
503 2310 620 2386 omnin,
646 2329 728 2391 quae
753 2310 823 2375 uuit
848 2308 1038 2388 Aeschinus,
1063 2329 1082 2372 a
1105 2307 1243 2373 Minione
1267 2307 1337 2373 fieri
1362 2307 1516 2390 soientis3

337 2422 370 2487 of
394 2443 412 2488 ιι
438 2422 501 2491 956
526 2419 688 2506 elabitur,
718 2419 995 2509 quandoquidem
1024 2418 1078 2488 irie
1105 2418 1182 2488 uadi.
1211 2424 1345 2489 eandem
1379 2426 1512 2488 obrem

337 2531 399 2594 iarn
426 2551 443 2594 n
465 2529 529 2595 934
556 2533 749 2597 Aeschinum
775 2543 809 2596 nt
833 2531 901 2612 ipse
925 2550 1051 2612 quoque
1067 2536 1150 2609 oret,
1167 2537 1346 2597 commonet
1361 2536 1394 2596 et
1411 2549 1429 2596 ιι
1447 2528 1514 2596 937

336 2632 383 2700 da
411 2630 553 2700 uerriour
580 2632 651 2720 dii-o
674 2638 764 2705 dicit.

444 2745 535 2826 erod
569 2746 610 2811 ad
645 2747 765 2812 Donati
804 2745 1046 2811 adnotationem
1081 2746 1233 2826 pertinet,
1274 2745 1349 2810 mihi
1384 2764 1511 2827 qnoque

339 2851 431 2916 Ihnei
466 2853 652 2918 coniectura
686 2851 832 2936 (Quaest.
868 2853 1000 2917 Terent.
1036 2852 1113 2917 diss.
1150 2840 1246 2918 Bonn¹
1277 2849 1373 2933 1843,
1408 2848 1511 2934 pel)

337 2957 460 3039 optima
476 2977 547 3024 esse
562 2959 708 3025 uidetur:
724 2960 809 3042 apud
826 2960 1040 3024 Menandrum
1058 2979 1166 3024 senem
1184 2977 1247 3023 non
1266 2965 1343 3024 tam
1366 2961 1510 3041 grauari.

337 3065 419 3145 quod
451 3067 479 3130 si
503 3080 626 3131 rectum
652 3073 716 3145 est,
742 3067 794 3131 irie
818 3085 943 3146 qnoque
968 3067 1142 3132 Terentius
1170 3067 1342 3132 Menandri
1367 3068 1510 3132 fabulam

335 3172 478 3237 correxit
511 3170 556 3247 (oi
591 3173 761 3253 Dziatzko‚
803 3172 927 3252 Adelph
952 3173 1049 3252 praef
1071 3192 1090 3254 p
1115 3171 1165 3254 6),
1192 3192 1383 3254 quamquam
1409 3175 1507 3239 etiarn

336 3279 767 3361 apuddlenandrnmsenem,
781 3280 808 3344 si
822 3298 883 3344 non
898 3279 1029 3345 totidem
1045 3280 1194 3346 uersibus
1208 3281 1510 3362 qnotapudTeren-

337 3386 426 3467 tium,
451 3393 487 3452 at
511 3383 715 3467 aliquantum
741 3392 828 3452 certe
852 3393 1027 3467 grauatum
1052 3405 1124 3452 esse
1149 3394 1237 3468 puto.
