3382 4794
640 465 857 530 „35-

163 662 369 727 Alcrrmenam
404 664 445 726 ab
479 662 716 742 Amphitruone
749 681 783 726 se
816 661 1002 743 concepisse
1031 668 1136 727 ratam
1163 663 1330 744 deceptam

161 789 240 834 esse.
272 776 348 834 ante
373 770 480 835 omnia
505 771 563 834 lroc
587 779 636 833 est
661 769 832 834 tenendum
859 769 1084 834 difficillimum
1100 768 1201 834 fuisse
1216 776 1333 851 poetae

159 876 280 941 comico
314 877 532 942 narrationem
565 877 654 942 illurn
690 897 710 943 a
742 878 990 959 mytlrograpluis
1024 877 1192 959 poetisque
1230 878 1332 960 epicis

161 984 315 1048 traditam
346 984 385 1048 ad
416 1003 605 1049 scaenarum
639 989 745 1049 actum
775 1003 977 1064 componere,
1008 1004 1077 1049 curn
1103 985 1220 1064 omnia,
1250 1005 1333 1066 quae

159 1091 190 1155 in
222 1091 350 1155 scaenis
379 1097 567 1172 agerentur,
597 1091 628 1156 in
664 1110 760 1156 nuum
786 1091 870 1155 diem
895 1091 1037 1156 coartari
1063 1111 1196 1157 necesse
1220 1092 1332 1159 fuerit.

160 1199 274 1262 deesse
298 1217 359 1262 non
386 1204 538 1278 poterant
565 1199 756 1278 Amphitruo
781 1217 942 1270 reuersus,
968 1219 1037 1264 cum
1064 1218 1164 1264 uxore
1188 1199 1333 1281 litigans,

162 1308 202 1370 ab
227 1306 304 1369 Ioue
328 1305 434 1385 qualis
458 1305 573 1370 fuisset
598 1325 649 1370 res
674 1306 836 1388 eruditum
860 1305 1030 1372 sedetiam
1049 1307 1177 1387 longam
1195 1313 1331 1384 noctem,

162 1431 255 1492 quarn
305 1414 390 1494 aprrd
451 1433 563 1478 omnes
610 1413 712 1479 ferme
763 1413 938 1494 scriptores
988 1413 1119 1479 maximi
1181 1413 1332 1478 momenti

161 1518 262 1584 fuisse
286 1539 325 1586 ex
351 1519 491 1584 Winteri
517 1521 748 1585 dissertatione
773 1539 797 1584 s.
813 1520 835 1584 l.
860 1519 1091 1601 cognoscimus
1110 1527 1142 1585 et
1159 1520 1330 1586 Herculem

162 1647 285 1706 angues
310 1626 491 1692 enicantem
516 1623 563 1706 (cf
585 1623 734 1705 eandem)
760 1628 910 1692 omittere
926 1646 987 1691 non
1004 1625 1121 1707 potuit.
1147 1627 1258 1706 itaque
1273 1628 1334 1691 lrac

166 1740 273 1816 nocte,
308 1754 377 1799 cnm
412 1746 599 1815 conceptum
635 1755 704 1800 esse
729 1735 900 1799 Herculem
936 1733 998 1799 iam
1030 1740 1128 1799 autea
1157 1741 1334 1816 oporteret,

165 1843 273 1906 Iouem
305 1861 375 1906 curn
400 1842 579 1906 Alcumena
605 1844 830 1907 conuiuantem
856 1842 960 1906 lirrxit.
1009 1859 1111 1920 neque
1136 1839 1335 1906 contradicit

162 1949 429 2013 lruicsententiae
454 1969 482 2012 ιι,
502 1945 567 2013 102
592 1949 619 2010 r's
635 1949 731 2027 prims
755 1969 847 2028 pamm
870 1947 941 2010 irinc
966 1947 1042 2010 obiit
1060 1949 1187 2026 ipsaemet
1200 1949 1234 2010 im
1250 1967 1335 2010 cccr-

162 2055 257 2117 cr'tmm
278 2054 447 2134 (proredium
470 2054 678 2117 Alcumenam
706 2074 834 2118 umorem
855 2052 930 2135 sccii
949 2073 1049 2127 suom,
1075 2075 1146 2120 cum
1171 2055 1233 2120 iarn
1259 2075 1335 2120 nou·

164 2162 261 2225 nullis
286 2161 451 2227 mensibus
475 2166 550 2227 ante
575 2168 611 2228 ut
634 2163 804 2244 grauidam
821 2161 956 2244 laceret,
972 2162 1041 2228 fieri
1059 2161 1210 2243 potuerit.
1228 2168 1335 2226 restat

163 2278 268 2334 autem
295 2288 324 2334 ιι.
349 2266 435 2334 1137
459 2273 494 2330 tn
515 2269 685 2349 procidam
708 2270 780 2331 llcrn
795 2267 903 2348 fecisti,
922 2288 1012 2348 prmom
1028 2271 1062 2330 m
1078 2268 1246 2330 coercitum
1261 2286 1335 2346 pro·

161 2373 268 2454 sectos,
298 2375 369 2455 rubi,
394 2376 457 2440 nisi
485 2376 568 2441 forte
591 2374 690 2455 fecisti
714 2396 770 2457 pro
786 2370 914 2456 soceros
938 2375 1002 2439 dici
1027 2381 1188 2457 putamus,
1214 2374 1336 2438 discre-

163 2483 277 2564 pantia
309 2484 484 2548 statuenda
518 2489 576 2549 est.
625 2503 708 2564 quae
742 2483 882 2548 fortasse
908 2481 987 2546 ferri
1012 2487 1119 2563 potest
1149 2481 1181 2546 in
1205 2480 1337 2546 fabulae

164 2591 244 2672 fine,
277 2591 303 2654 si
338 2599 373 2656 ut
405 2591 458 2654 lric
486 2591 526 2654 ad
561 2598 786 2671 argumentum
821 2589 933 2655 tritum
969 2597 1067 2669 poeta
1100 2587 1224 2654 rediret
1264 2586 1336 2653 lieri

165 2697 307 2777 potuisse
330 2703 489 2778 putamus.

273 2804 400 2871 Deinde
424 2805 507 2886 quod
526 2806 662 2884 Langen
680 2803 797 2883 (Beitr.
817 2802 873 2883 42)
897 2823 916 2868 u
933 2801 996 2868 491
1014 2807 1049 2864 nt
1071 2805 1135 2865 lom
1152 2802 1220 2866 dim
1240 2823 1337 2870 sensu

166 2932 279 2976 carere
303 2912 432 2994 putauit
456 2931 566 2977 uerum
592 2930 654 2975 non
681 2917 738 2992 est,
763 2911 816 2976 sed
835 2911 978 2992 pertinet
994 2909 1074 2976 illud
1090 2911 1132 2976 ad
1148 2930 1167 2976 u
1184 2909 1248 2977 476
1263 2930 1337 2973 noro

165 3016 283 3097 sirrrplm'
298 3037 355 3080 ruo
387 3023 525 3080 (actutum
556 3019 648 3080 armori
671 3017 779 3080 loculos
807 3018 929 3082 conciet.
977 3024 1139 3099 postremo
1164 3037 1203 3082 ne
1227 3036 1338 3082 uersus

166 3127 293 3208 quidem
319 3125 393 3204 473,
427 3125 501 3205 490,
533 3124 595 3192 lot
625 3126 712 3190 inter
738 3145 772 3190 se
798 3132 994 3206 repugnant,
1019 3144 1086 3189 omn
1116 3144 1134 3189 u
1159 3123 1224 3190 473
1240 3125 1339 3204 ipilm

166 3232 289 3295 ‹lcnmm
312 3251 415 3294 orrrmcs
434 3234 539 3306 scient,
565 3252 642 3312 paroc
663 3232 749 3312 [octo
773 3233 882 3297 eodem
917 3232 1010 3296 modo
1035 3252 1097 3312 quo
1121 3251 1141 3296 u
1166 3229 1231 3297 485
1254 3231 1339 3292 scitis

166 3341 205 3404 ad
239 3360 294 3404 eos
325 3339 500 3422 pertineat,
530 3340 583 3420 qui
614 3340 768 3417 audiunt,
801 3338 910 3406 utto
939 3337 967 3403 ei
990 3338 1044 3419 qui
1070 3339 1225 3416 celentur,
1250 3338 1338 3401 ciues

168 3447 314 3511 Thebani
347 3447 510 3527 ceterique
541 3453 671 3528 praeter
706 3445 885 3511 familiares
925 3445 1002 3510 sint.
1057 3445 1203 3510 uidemus
1237 3444 1339 3524 igitur

169 3572 284 3618 causas
309 3574 329 3618 a
352 3551 433 3618 uiris
452 3553 556 3617 doctis
572 3554 690 3617 allatas
708 3560 744 3618 ut
761 3553 845 3617 hanc
861 3570 1009 3616 scaenam
1034 3549 1339 3632 interpolationibus

168 3666 353 3741 corruptam
389 3679 460 3724 esse
494 3661 766 3740 demonstrarent,
791 3678 904 3740 parum
929 3658 1049 3723 ualere.
1096 3677 1198 3739 neque
1231 3665 1337 3722 tomen

170 3769 225 3832 lros
250 3787 365 3834 uersus
389 3787 499 3832 omnes
524 3767 682 3847 ingenuos
699 3777 771 3832 esse
789 3766 1021 3847 contenderim,
1045 3785 1114 3830 curn
1141 3766 1256 3846 quibus
1274 3765 1340 3827 tale

170 3876 245 3956 quiid
285 3875 526 3939 demonstretur
579 3873 685 3938 desint
715 3879 919 3953 argumenta.
976 3871 1055 3936 nihil
1085 3871 1125 3936 ad
1156 3872 1240 3935 lianc
1272 3890 1338 3934 rem

170 3982 409 4048 diiudicandam
433 3980 558 4062 iuuare,
582 3981 666 4060 qrrod
690 3980 824 4042 coniunx
839 3985 889 4044 est
913 3972 990 4055 ἅπαξ
1014 3975 1174 4062 εἰρημένον,
1199 3997 1256 4043 suo
1271 3977 1340 4043 iure

170 4090 311 4170 Seyffert
339 4086 441 4168 (Berl.
464 4088 542 4170 plril.
568 4088 669 4152 Woclr
695 4085 745 4170 16,
773 4086 833 4170 13;
864 4087 905 4153 cf.
930 4087 1122 4152 Jalnesber.
1151 4079 1203 4167 63,
1228 4083 1270 4151 76
1295 4085 1339 4156 Α)

170 4196 347 4262 contendit.
362 4201 490 4260 ceteras
505 4214 585 4276 quas
596 4194 707 4260 Havet
722 4193 818 4260 affert
832 4213 946 4259 causas
962 4191 1081 4258 nullius
1098 4211 1170 4258 esse
1187 4191 1340 4257 momenti

170 4305 268 4370 facile
295 4301 518 4386 intellegitur,
550 4320 699 4367 uersuum
725 4301 926 4382 singularum
951 4299 1142 4382 paginarum
1172 4299 1204 4364 in
1230 4298 1341 4362 codice

1129 4401 1162 4456 3*
