3382 4794
613 445 828 513 „47-

143 643 360 726 Antiphonem
393 644 489 710 aliam
529 643 695 708 mulierem
722 642 851 708 duxisse
878 642 1039 724 andierat,
1068 662 1162 724 quarn
1189 641 1315 724 eripere

143 752 171 815 ei
195 771 231 815 se
254 770 348 833 posse
372 753 427 816 nix
449 751 615 832 sperauit3
642 750 853 816 filianoniam
868 750 1003 815 inuenta
1027 758 1100 815 erat
1124 756 1157 814 et
1180 754 1315 832 propter

141 877 192 922 res
224 859 371 924 uersibus
401 857 466 925 740
498 879 532 939 q.
558 879 584 923 s.
615 866 766 923 narratas
799 857 991 924 difficillime
1022 856 1157 938 reperiri
1193 855 1315 939 potuit;

142 985 205 1046 qua
236 971 368 1046 reperta
392 985 487 1046 quam
512 965 643 1030 fortiter
669 965 888 1047 Antiphonem
915 963 990 1029 buit
1014 963 1195 1029 conditioni
1221 982 1313 1044 repu-

142 1078 316 1152 gnaturum
341 1073 498 1153 putabat!
547 1080 625 1137 tune
648 1071 842 1153 necopinato
857 1070 977 1152 optime
992 1070 1099 1135 omnia
1114 1076 1292 1135 euenerant
1308 1095 1316 1151 ;

142 1181 268 1271 offendi
305 1182 497 1252 adueniens
516 1188 622 1269 inquit
650 1204 794 1271 qnorum
831 1179 983 1252 uolebam
1020 1185 1050 1250 el
1090 1184 1129 1250 ul
1165 1178 1315 1249 uolebant

142 1289 345 1362 oolloeulunt.
401 1301 490 1360 terte
516 1316 584 1360 eam
611 1295 709 1360 etiam
736 1294 838 1360 anrari
863 1315 883 1359 a
907 1294 977 1359 niro
993 1293 1034 1359 ari
1052 1311 1177 1358 sensum
1194 1291 1316 1374 optime

142 1393 308 1459 conuenit.
354 1413 416 1458 non
451 1395 553 1459 solum
586 1394 744 1459 collocata
778 1399 828 1458 est
860 1391 1050 1473 Antiphoni,
1083 1389 1138 1456 sed
1172 1390 1257 1471 quod
1282 1392 1312 1456 in

143 1499 316 1566 comoediis
349 1501 477 1581 quidem
509 1520 583 1565 raro
613 1501 660 1582 fit,
694 1520 803 1565 amore
833 1519 909 1565 uero
943 1499 1135 1579 sinceroque
1169 1497 1315 1580 Antipbo

143 1636 212 1681 eum
246 1634 346 1681 uxore
379 1615 560 1682 Chremetis
589 1615 657 1681 filia
690 1615 880 1680 coniunctus
912 1621 972 1680 est.
1023 1607 1199 1696 eueniunt,
1229 1629 1316 1698 pune

143 1740 211 1788 nort
238 1719 369 1787 unedone
396 1723 523 1806 optare.
568 1743 669 1804 neque
701 1729 808 1789 tamen
844 1723 931 1806 talis,
965 1723 1071 1803 qualis
1094 1722 1124 1785 in
1151 1722 1315 1788 eodioea

143 1836 263 1910 exstat,
288 1836 453 1896 structura
477 1839 569 1896 reeta
592 1851 661 1896 esse
685 1837 799 1912 potest..
826 1851 898 1896 nam
924 1823 1040 1893 urnnrt
1059 1831 1117 1894 ie.
1132 1842 1317 1894 eamstruo·

144 1945 248 2003 turam
275 1957 369 2019 quant
395 1933 626 2003 ‘aecusatiuum
645 1957 714 2002 oum
731 1938 901 2002 infinitiuo'
926 1938 1103 2018 nominant,
1124 1937 1165 2001 arl
1190 1919 1317 2009 Offendi

144 2037 309 2116 pertinere
332 2056 424 2118 posse
450 2037 648 2102 uerisimile
674 2056 734 2101 non
762 2044 822 2102 est.

253 2135 418 2200 Habemus
442 2135 545 2216 igitur
564 2135 645 2200 (luas
663 2134 880 2218 recensiones
903 2154 1038 2215 quarum
1064 2142 1182 2200 neutra
1205 2153 1315 2199 ueram

144 2241 314 2306 lectionem
332 2243 476 2322 praebet.
516 2242 602 2332 quod
620 2243 788 2307 Bentleius
812 2236 929 2306 urrrarl
953 2245 994 2306 ab
1020 2242 1148 2307 lromlne
1169 2239 1316 2323 quodam,

145 2355 182 2414 ut
205 2367 319 2414 uersus
336 2357 445 2414 reolus
470 2350 620 2431 exsistat,
637 2349 816 2415 coniectum
835 2370 905 2414 esse
922 2356 1027 2431 putat,
1052 2347 1082 2412 in
1110 2368 1219 2413 uerum
1246 2367 1317 2415 esse

146 2474 210 2520 non
235 2461 358 2538 potest3
382 2475 454 2521 narn
481 2476 544 2537 qua
561 2457 600 2521 tle
619 2476 717 2522 eausa
748 2451 864 2521 umori
887 2457 1095 2538 uocabulum,
1125 2455 1216 2520 cuins
1246 2475 1315 2521 eum

145 2563 270 2644 reliquo
294 2581 442 2627 sermone
467 2571 640 2629 contextus
664 2564 759 2629 nimis
784 2574 835 2630 est
859 2570 1012 2647 remotus,
1038 2563 1128 2630 ouius
1152 2568 1317 2629 structura

147 2671 241 2736 nimis
267 2675 317 2733 est
341 2672 503 2750 abstrusa,
528 2671 619 2736 lromo
641 2670 696 2736 ille
714 2671 903 2752 coniecerit,
927 2671 1077 2752 intellegi
1101 2691 1164 2736 non
1189 2677 1318 2754 potest3

147 2784 237 2842 certe
261 2777 390 2842 Bentlei
420 2784 477 2843 aut
503 2779 625 2843 Faerni
651 2779 856 2844 coniecturae
887 2779 985 2844 multo
1012 2778 1177 2845 faciliores
1212 2785 1316 2844 erant.

147 2902 249 2964 neque
276 2884 356 2948 illurl
375 2885 461 2950 aredi
480 2890 589 2966 polest
617 2880 732 2950 (emori
762 2892 798 2951 ut
823 2887 985 2968 glossema
1009 2885 1040 2951 in
1060 2891 1182 2952 textum
1208 2905 1317 2967 reoep-

147 3000 213 3055 tum
240 3010 326 3074 esse3
350 3011 421 3056 nam
448 2991 475 3056 si
501 2992 572 3073 quis
597 2995 698 3058 uerba
721 2993 759 3057 ul
777 2987 930 3058 uolebant
948 2993 1124 3074 explanare
1150 2993 1316 3073 uoluisset,

147 3104 235 3162 terte
260 3097 289 3163 is
313 3118 374 3162 non
400 3093 515 3162 ntnurt'
544 3100 738 3166 infiniliuum
758 3101 958 3175 adnotasset,
984 3101 1041 3164 sed
1067 3105 1174 3166 otest
1198 3100 1317 3181 glosse-

147 3217 266 3269 matum
297 3223 401 3270 senno
448 3205 588 3270 ornatur
632 3201 725 3270 enirn
768 3208 819 3274 uel
862 3207 1014 3272 nmrrtnm
1046 3209 1095 3273 nel
1130 3208 1196 3274 tale
1230 3207 1317 3288 quiri.

144 3305 254 3393 filiunt
293 3331 370 3376 uero
404 3332 461 3393 per
507 3315 726 3379 oonieeturam
773 3316 928 3396 seriptum
964 3334 1037 3380 esse
1075 3315 1171 3380 facile
1211 3318 1318 3394 potest

147 3419 248 3483 orodi.
296 3434 331 3483 ut
356 3418 475 3483 codicis
501 3423 539 3500 A,
564 3419 610 3484 sic
644 3421 787 3486 fortasse
809 3422 905 3487 etiam
931 3441 1041 3488 eorum
1065 3421 1220 3502 codicum,
1250 3421 1318 3502 qui·

147 3528 207 3591 bus
241 3525 438 3591 recensionis
462 3517 684 3608 Calliopianae
718 3535 830 3593 auctor
863 3548 939 3594 usus
975 3535 1034 3610 est,
1068 3536 1223 3611 corrupta
1256 3529 1319 3594 fuit

148 3633 259 3712 leetio;
290 3634 374 3696 buno
399 3651 469 3696 tum
496 3633 683 3699 Terentium
715 3629 988 3701 euere'stuoeret
1017 3636 1084 3700 eius
1114 3635 1316 3718 potissimum
1358 3701 1361 3706 .

147 3741 195 3805 rei
235 3740 361 3804 ratione
399 3739 523 3818 habita,
562 3747 599 3805 ut
635 3743 676 3806 ab
714 3742 862 3808 omnibus
912 3741 1008 3807 facile
1053 3741 1318 3824 intellegeretur,

145 3840 253 3928 filiurn
296 3845 472 3911 oonieoisse
502 3845 657 3931 arbitror,
687 3869 781 3929 quam
807 3849 934 3929 quidem
969 3849 1187 3915 coniecturam
1222 3850 1319 3917 facile

148 3953 288 4019 inueniri
326 3973 419 4035 posse
450 3974 542 4019 nemo
581 3955 726 4036 negabit.
785 3975 843 4020 nos
872 3974 950 4021 nero
983 3976 1052 4021 earn
1087 3957 1320 4038 improbantes,

149 4081 222 4126 num
248 4081 287 4125 ex
323 4055 438 4123 tentori
466 4080 544 4126 uera
568 4062 665 4127 lectio
690 4063 763 4127 elini
788 4062 903 4144 possit,
938 4063 1115 4129 uideamus
1178 4065 1260 4145 quod
1285 4072 1321 4130 ut

149 4169 369 4249 impetremus,
394 4187 509 4233 uersus
533 4168 587 4247 qui
619 4175 800 4251 sequuntur
825 4163 975 4250 (toulon
1000 4169 1196 4252 respiciendi
1229 4177 1320 4237 sunt:

153 4268 251 4355 Quorl
282 4290 343 4338 uos
371 4268 466 4338 nntlro
498 4290 598 4358 opere
624 4270 776 4341 monimo
802 4269 970 4342 debemus
993 4291 1131 4362 operum
1150 4277 1189 4342 ul
1211 4271 1318 4361 fieret,
