3382 4794
827 389 1044 452 -24..

344 585 575 666 interpolatum
611 585 698 648 infra
734 583 925 663 uidebimus,
960 583 986 647 si
1022 581 1127 662 qualis
1162 581 1263 647 tuerit
1299 579 1385 647 illias
1417 581 1516 646 inter-

344 689 520 772 polationis
545 690 636 770 origo
661 688 998 755 demonstrauerimus.

458 790 598 857 Vidistis
630 799 666 860 nt
695 801 760 861 tam
792 795 889 876 longe
924 796 965 860 ab
999 794 1124 859 obiecto
1149 795 1246 875 absit,
1281 813 1352 860 mea
1387 793 1513 874 quidem

344 904 507 969 sententia
543 902 614 968 fieri
648 920 709 967 non
745 908 865 982 potest,
901 901 957 965 set
994 901 1217 981 Kampnranno
1253 919 1405 965 assensus
1437 908 1516 965 ante

344 1005 404 1092 qai
423 1011 494 1069 tres
517 1009 701 1089 ponendum
726 1027 795 1072 esse
820 1025 946 1087 censeo,
971 1006 1056 1072 unde
1072 1024 1188 1070 uersus
1205 1007 1335 1071 exsistit
1359 1007 1515 1088 optimus:

404 1109 539 1176 acdestis
562 1109 624 1196 qm'
642 1116 712 1174 tres
735 1107 871 1174 duceret
893 1106 1128 1193 chlamydatos
1151 1129 1227 1172 cam
1252 1106 1453 1173 machaeris.

352 1215 503 1295 Vidistis,
528 1242 590 1288 non
614 1215 734 1282 aedisti
759 1219 967 1286 scribendum
998 1239 1068 1284 esse
1101 1239 1141 1284 ex
1169 1219 1366 1301 piscatorum
1390 1214 1516 1280 scimus

345 1329 561 1408 cognoscitur.
590 1328 736 1409 seuquid
750 1327 831 1392 iltuu
843 1323 919 1387 scm
932 1327 995 1391 sibi
1007 1327 1115 1410 uellet,
1134 1327 1217 1407 quod
1232 1323 1330 1392 Bam
1343 1328 1513 1409 praebent,

345 1455 438 1501 nemo
461 1436 567 1500 adlmc
590 1442 679 1500 recte
703 1433 954 1515 demonstrauit;
984 1427 1218 1494 semihomines
1247 1433 1326 1498 illud
1351 1433 1515 1515 peperisse

345 1537 421 1602 sem'
446 1561 510 1607 non
540 1542 610 1608 sine
634 1542 786 1607 ueritatis
815 1541 922 1622 specie
948 1540 1127 1606 Sclroellius
1151 1540 1171 1604 l.
1201 1541 1220 1604 l.
1247 1539 1426 1617 contendit,
1458 1541 1515 1605 sed

344 1649 425 1714 haec
448 1648 659 1730 interpolatio
685 1647 839 1728 quomodo
870 1653 943 1712 orta
967 1647 1020 1727 sit,
1053 1647 1102 1711 uir
1132 1646 1188 1710 ille
1213 1646 1418 1712 doctissimus
1451 1666 1514 1711 non

344 1755 558 1818 demonstrat.
581 1754 687 1818 onmia
711 1772 806 1834 spero
831 1754 921 1818 clara
945 1752 1013 1817 fore
1036 1752 1064 1817 si
1087 1752 1324 1834 scripserimus:

401 1861 440 1920 ut
446 1855 654 1941 piscatorem
670 1859 848 1941 aequomst
853 1854 956 1940 same
970 1854 1091 1940 sitique
1106 1863 1234 1941 speque.
1275 1853 1351 1920 TR:
1365 1853 1516 1943 Ecquem

400 1961 463 2027 hm
494 1960 576 2026 dam
605 1960 657 2026 hic
687 1961 812 2026 astatis
837 1967 978 2025 strenua
1002 1960 1099 2045 facio
1131 1959 1354 2026 rubicundam
1379 1963 1514 2047 fortem

404 2068 540 2134 uidistis
564 2069 626 2154 qm'
645 2076 715 2134 tres
738 2067 874 2133 dacerct
896 2066 1131 2153 chlamydatos
1154 2090 1228 2132 cam
1252 2068 1469 2135 machaeris?

450 2173 710 2241 Adulescentem
733 2181 817 2246 enirn
850 2182 1011 2262 glossema
1046 2200 1117 2246 esse
1143 2181 1297 2263 suspicor,
1328 2183 1405 2248 item
1437 2173 1516 2246 scae

343 2281 447 2363 (smi)
463 2287 494 2351 in
511 2287 659 2367 margine
672 2287 793 2352 codicis
807 2287 978 2368 archetypi
989 2287 1197 2368 adscriptum,
1214 2288 1363 2369 undeper
1373 2310 1514 2357 errorem

344 2394 473 2460 librarii
511 2395 544 2459 in
584 2401 708 2461 textum
746 2393 883 2459 uenisse.
946 2394 1022 2459 addi
1065 2396 1144 2460 haec
1183 2395 1381 2475 glossemata
1416 2395 1515 2464 facile

342 2508 530 2582 potuerunt,
556 2509 600 2581 ut,
625 2501 698 2581 quis
723 2508 807 2566 esset
823 2501 878 2565 ille
895 2501 1102 2582 rubicundus,
1126 2501 1238 2567 statim
1262 2512 1514 2582 cognosceretur

344 2641 384 2650 -
403 2627 502 2688 saepe
526 2608 611 2672 enim
628 2606 835 2687 Plesidippus
855 2600 1054 2666 adulescens
1071 2607 1256 2674 nominatur
1272 2609 1304 2672 in
1321 2628 1512 2677 scaenarum

344 2714 470 2796 titulis,
511 2715 546 2779 cf
573 2734 602 2780 u.
635 2711 696 2797 89,
726 2710 809 2795 839,
834 2710 920 2777 1265
951 2747 991 2756 -
1021 2720 1053 2777 et
1077 2714 1149 2793 quis
1173 2715 1259 2780 alter
1284 2725 1370 2782 esset
1395 2736 1424 2783 u.
1448 2717 1512 2785 316

342 2814 492 2902 Ecqmm
515 2820 670 2897 (serrem).
709 2820 803 2885 huius
825 2820 1032 2900 glossematis
1048 2820 1221 2900 uestigium
1249 2829 1298 2887 est
1321 2819 1404 2896 scat)
1428 2827 1513 2905 quod

342 2926 502 3008 superiori
526 2927 637 2993 uersui
657 2928 817 2992 adnexum
843 2947 927 2992 nunc
952 2934 1025 3010 post
1044 2923 1165 2988 acdesti
1185 2938 1305 2996 exstat.
1344 2941 1514 3013 praeterea

342 3033 441 3099 etiam
461 3033 503 3098 ad
530 3036 599 3094 tres
619 3034 782 3114 glossema
815 3035 960 3100 additum
995 3035 1095 3100 tuisse
1125 3030 1277 3098 hommes
1310 3040 1380 3105 ueri
1411 3040 1513 3106 simile

341 3145 410 3222 est;
447 3139 523 3206 inde
552 3143 594 3206 ab
624 3142 693 3205 eius
716 3141 849 3224 codicis
877 3162 970 3223 quent
995 3143 1171 3208 Lambinus
1196 3145 1356 3227 adtribuit,
1378 3147 1513 3213 librario

340 3247 373 3312 in
407 3253 533 3314 textum
565 3252 728 3329 receptum
759 3253 820 3330 est,
851 3268 920 3315 cum
955 3251 1019 3316 alio
1049 3251 1246 3332 glossemate
1268 3249 1345 3314 smi
1364 3255 1512 3322 coniunc-

341 3361 418 3420 tum.
462 3355 520 3419 sed
551 3371 621 3418 cum
653 3349 881 3417 scachomims
913 3360 1103 3424 uocabulum
1134 3379 1197 3425 nou
1228 3367 1384 3443 exstaret,
1415 3363 1514 3430 libra·

341 3459 409 3524 rius
425 3459 482 3526 ille
504 3454 740 3523 semihomines
755 3463 899 3546 scripsit,
924 3465 1312 3546 qu0‹1,etiamsisensum
1334 3488 1396 3535 non
1421 3489 1513 3551 prae-

340 3568 406 3649 bet,
431 3571 540 3632 tamen
565 3567 690 3649 aliquid
713 3568 889 3650 significat.

447 3673 564 3740 Omnia
587 3673 691 3755 igitur
723 3676 806 3742 uitia
838 3679 995 3757 quomodo
1029 3686 1103 3746 orta
1132 3681 1210 3764 sint,
1244 3683 1354 3748 eadem
1385 3684 1513 3750 ratione

341 3779 438 3847 facile
475 3780 729 3848 demonstratur:
770 3785 979 3865 glossematis
1017 3788 1202 3870 adscriptis,
1242 3789 1390 3855 uersibus
1429 3790 1512 3857 falso

340 3887 516 3970 distinctis
553 3889 660 3956 uerbis
707 3892 864 3958 extremis
903 3895 945 3959 ad
983 3894 1091 3961 aliena
1129 3892 1322 3977 deductis*).
1388 3897 1510 3964 hiatum

445 4061 469 4127 *)
490 4064 561 4116 Dum
576 4064 704 4132 plagulas
720 4065 837 4133 corrigo,
857 4066 1054 4122 Gundermann
1074 4069 1106 4122 de
1119 4069 1181 4123 Rud
1200 4070 1253 4124 312
1272 4070 1319 4142 agi
1332 4071 1359 4124 in
1374 4072 1447 4126 Berl.
1466 4073 1511 4141 ph.

339 4151 434 4206 Woch.
455 4150 550 4218 taeta
566 4169 607 4207 me
622 4154 736 4208 monuuit.
753 4159 828 4208 certe
838 4153 926 4225 salsa
945 4156 1034 4225 ipsum
1050 4174 1158 4226 quiaque
1178 4166 1221 4213 est
1240 4161 1384 4228 glossema.
1396 4193 1428 4200 -
1440 4161 1510 4216 idem

337 4238 540 4296 semihomines
550 4259 583 4295 cx
594 4240 753 4298 shomims
773 4243 907 4313 (s.-scil.
920 4251 947 4298 et
958 4247 1058 4316 seniis)
1068 4247 1191 4318 potuisse
1201 4249 1277 4304 nasci
1289 4249 1355 4304 milri
1365 4252 1512 4322 persuasit.
