3382 4794
634 484 850 553 „15-

153 672 269 738 matris
316 672 515 757 affirmauit,
556 679 592 740 ut
636 673 683 741 eis
728 673 946 758 temporibus
992 695 1074 756 quae
1115 675 1209 742 nobis
1251 680 1327 742 nota

154 785 242 861 sunt,
266 781 371 862 putris
395 800 509 846 nomen
535 781 721 858 adderetur,
745 782 904 864 paulatim
933 783 1055 849 factum
1090 802 1160 849 esse
1184 782 1329 849 moribus

155 888 300 953 mutatis.
349 888 407 953 sed
430 888 572 970 uestigia
603 894 710 954 status
734 889 821 955 illins
845 889 1038 971 principalis
1071 909 1142 955 eum
1167 890 1222 971 qui
1245 890 1329 955 satis

153 995 328 1077 diligenter
365 996 548 1062 comoedias
581 997 727 1078 legeret,
758 997 858 1062 facile
891 1016 1103 1079 cognoscere:
1139 1016 1212 1062 nam
1242 996 1327 1078 apud

151 1101 303 1168 Plautum
322 1102 422 1168 filium
447 1124 467 1168 a
489 1110 585 1186 patre
608 1123 772 1185 nunquam
795 1103 855 1187 sili,
879 1105 936 1171 sed
959 1124 1086 1186 semper
1100 1107 1194 1185 quote
1218 1105 1327 1186 appel-

152 1209 235 1292 lari;
263 1211 322 1276 hus
351 1208 454 1291 igitur
483 1230 555 1276 esse
589 1211 760 1293 reliquiae,
792 1218 828 1277 ut
856 1212 958 1294 ipsius
989 1212 1088 1277 uerba
1114 1210 1248 1277 afferam
1278 1212 1328 1273 ein

152 1313 248 1379 Stiiclc
271 1316 489 1384 Mutterroobt.
537 1319 577 1382 de
601 1318 695 1383 buius
716 1319 861 1384 rroeabuli
887 1313 1095 1402 etymologia,
1120 1319 1328 1399 quammulti

153 1424 216 1490 uiri
233 1425 320 1490 docti
347 1421 400 1506 (G.
420 1428 535 1508 Meyer
558 1425 694 1490 Corssen
721 1426 936 1506 Tlrurneysen
962 1426 1083 1492 Parodi
1108 1421 1179 1500 alii)
1204 1444 1328 1491 summa

152 1550 220 1597 cum
257 1532 440 1598 subtilitate
465 1535 704 1613 tractauerunt,
734 1530 803 1612 egit
837 1533 935 1596 etiam
971 1535 1008 1596 B.
1033 1532 1221 1597 Delbrueck
1253 1527 1326 1612 (Iud

152 1639 250 1705 Verw
266 1659 287 1720 p
304 1635 403 1716 lobi:
427 1638 646 1719 quaestionem
680 1657 750 1703 esse
780 1637 1016 1717 difficillimum,
1040 1658 1111 1704 cunr
1134 1637 1151 1717 s
1172 1639 1326 1704 Latinum

151 1750 185 1810 et
207 1743 245 1807 dli
269 1751 303 1810 et
338 1744 379 1807 db
402 1746 707 1824 Indogermanionm
733 1765 804 1810 esse
826 1753 946 1826 posset.
995 1750 1101 1812 tamen
1125 1745 1229 1810 Curtii
1256 1752 1325 1826 ety-

151 1852 322 1933 mologiam
357 1852 508 1932 omnium,
539 1871 621 1933 quae
652 1852 758 1917 adbuc
789 1852 911 1916 allatae
935 1858 1021 1934 sunt,
1045 1853 1183 1918 maxime
1208 1854 1327 1933 proba·

150 1958 245 2025 bilem
271 1965 376 2040 putat.
411 1959 601 2024 Buecheleri
625 1978 701 2024 uero
726 1959 765 2023 de
782 1967 921 2025 matrum
939 1960 1008 2025 inre
1024 1959 1158 2040 eiusque
1174 1959 1322 2039 reliquiis

150 2066 346 2132 sententiam
372 2085 505 2146 prorsus
530 2065 703 2148 improbat.
745 2085 839 2146 quam
858 2066 991 2147 probari
1017 2086 1078 2132 non
1104 2085 1198 2147 posse
1221 2067 1326 2146 nragis

150 2174 248 2240 etiam
271 2192 366 2254 quam
388 2193 428 2239 ex
446 2173 493 2237 eis
509 2173 628 2256 causis,
644 2193 724 2253 quas
739 2174 928 2240 Delbrueck
945 2173 1069 2254 attulit,
1087 2173 1163 2238 inde
1179 2181 1325 2254 apparet,

150 2280 234 2361 quod
259 2299 322 2344 non
347 2281 447 2346 solum
472 2286 576 2360 pater,
602 2281 658 2346 sed
684 2281 780 2347 etiam
805 2288 909 2346 mater
932 2284 1039 2362 ponte,
1064 2300 1126 2345 non
1149 2278 1200 2360 fili
1224 2280 1323 2346 filium

150 2388 316 2471 appellat3
346 2389 431 2452 hanc
461 2387 489 2450 si
522 2387 704 2453 Buecheler
731 2388 1042 2468 recteiudicasset,
1072 2387 1117 2449 mi
1145 2386 1194 2465 fili
1217 2387 1325 2452 dicere

150 2497 331 2576 oportebat.
380 2501 555 2575 praeterea
578 2494 903 2561 animaduertendum
930 2500 981 2560 est
1005 2495 1037 2560 in
1054 2493 1324 2577 inscriptionibus

151 2602 217 2667 illis
253 2602 368 2667 'luscis
404 2603 446 2667 ad
477 2602 583 2683 patris
619 2620 734 2666 nomen
771 2602 829 2667 filii
866 2603 906 2667 ad
939 2603 1055 2668 matris
1089 2621 1202 2667 nomen
1230 2600 1323 2682 gnati

150 2709 310 2774 uocabula
345 2709 430 2791 poni,
465 2709 498 2774 in
523 2709 570 2774 eis
595 2707 675 2788 ipsis
699 2708 978 2792 inscriptionibus,
1004 2709 1120 2791 quibus
1145 2708 1324 2774 Buecheler

150 2822 271 2882 statum
295 2817 510 2898 principalem
536 2821 700 2881 seruatum
726 2836 796 2881 esse
820 2818 968 2896 putabat.

257 2959 367 3025 Etiam
382 2959 423 3024 de
441 2958 624 3024 rationibus
637 2959 784 3024 metricis
802 2964 834 3024 et
851 2960 1038 3041 eupboniois
1051 2960 1191 3041 cogitari
1205 2964 1321 3041 potest.

150 3067 272 3132 sedne
297 3068 357 3132 hae
386 3066 512 3146 quidem
549 3066 590 3131 ad
622 3067 709 3132 illam
735 3067 955 3147 quaestionem
981 3066 1122 3133 dilucide
1145 3067 1322 3147 explanen-

150 3175 223 3239 dam
248 3173 425 3239 sufficiunt.
473 3192 572 3239 causa
595 3193 684 3254 uero,
707 3173 741 3238 ni
765 3174 862 3239 fallor
887 3193 964 3240 uera
989 3180 1039 3239 est
1064 3176 1160 3240 baec:

258 3317 424 3383 Vocabulo
448 3317 723 3399 propinquitatem
749 3317 915 3383 indicante
939 3336 1014 3382 raro
1038 3317 1138 3383 lilium
1163 3317 1322 3399 appellari

149 3427 211 3492 iam
237 3425 388 3490 uidimus,
429 3423 540 3505 itaque
568 3423 596 3489 si
626 3424 707 3490 illud
730 3433 914 3507 usurpatur,
939 3444 1001 3490 non
1026 3425 1096 3490 sine
1120 3424 1152 3490 ui
1177 3444 1215 3490 ac
1239 3429 1323 3490 tam·

149 3553 244 3614 quam
259 3530 442 3614 emphatice
455 3530 519 3595 dici
535 3529 631 3596 facile
644 3531 848 3598 coniciemus.
883 3533 1040 3611 probatur
1054 3532 1132 3597 haec
1147 3534 1321 3614 sententia,

149 3641 176 3705 si
199 3639 347 3720 singulos
371 3639 458 3703 locos
483 3637 570 3719 ipsos
595 3638 842 3719 perlustramus.

256 3785 339 3866 Oapt
364 3781 448 3849 1006
466 3783 573 3863 Hegio
597 3783 639 3848 ad
664 3782 763 3848 lilium
788 3802 903 3849 uersus
934 3782 1027 3850 modo
1050 3788 1213 3864 repertum
1233 3782 1322 3846 solere

149 3891 257 3972 inquit
289 3893 428 3970 exoptote
449 3892 542 3969 puoto
569 3890 614 3952 eni
642 3901 675 3953 et
698 3889 764 3954 filio
791 3889 1018 3971 interrogante
1040 3889 1095 3952 scd
1116 3893 1151 3952 tn
1174 3889 1234 3968 dio,
1258 3910 1321 3970 oro,

148 4002 238 4078 poter
257 4001 415 4060 monstror
438 3995 493 4058 os?
513 3999 610 4077 pater
626 3997 819 4078 respondet:
849 4013 903 4076 epo
925 4015 1005 4068 uini,
1027 3999 1120 4076 puoto
1142 3997 1203 4059 oni!
1232 4005 1320 4064 certe

149 4106 234 4172 filius
257 4125 320 4172 non
347 4113 411 4170 tam
436 4104 622 4186 appellatur
646 4123 740 4184 quam
759 4123 829 4169 esse
846 4103 958 4185 lilium,
982 4123 1053 4168 oum
1067 4123 1126 4188 veo,
1147 4103 1200 4184 qui
1221 4109 1321 4170 antea

148 4232 225 4277 erus
256 4218 341 4294 erat,
372 4211 521 4276 maximis
552 4211 806 4293 propinquitatis
845 4209 983 4275 uinculis
1017 4209 1232 4292 coniunctum,
1271 4211 1320 4275 bis

149 4321 259 4387 uerbis
281 4321 451 4402 premitur.
