3382 4794
835 443 1054 511 ..22-

357 642 501 701 scentem
526 640 557 704 in
575 658 690 704 uersus
706 639 770 704 due
788 639 988 719 ponentium.
1025 639 1064 703 de
1087 640 1148 702 bae
1172 657 1207 702 re
1230 638 1320 703 inira
1342 637 1531 702 accuratius

358 747 422 811 erit
454 746 686 812 disserendum.
743 738 1014 806 adulescentulus
1054 749 1162 809 autem
1200 749 1232 808 et
1278 737 1530 804 adulescentula

358 855 444 936 aptud
469 853 603 919 eundem
630 851 671 918 13
688 852 737 918 ies
762 852 793 917 in
820 871 933 918 uersus
958 851 1104 917 clausula
1120 851 1299 932 inuenitur,
1323 850 1372 915 bis
1389 854 1530 915 tantum-

357 962 450 1026 modo
475 961 579 1026 medio
604 960 637 1024 iu
663 959 842 1025 uersuMil
868 957 943 1039 367,
969 955 1050 1041 3903
1075 958 1131 1022 sed
1156 957 1206 1022 uis
1224 956 1372 1023 uersibus
1388 955 1531 1022 tortasse

358 1069 457 1133 uerba
482 1086 598 1132 uersus
622 1064 687 1132 264
711 1067 894 1148 iterantur3
920 1066 1034 1131 mirum
1059 1072 1167 1130 tamen
1190 1065 1339 1145 estquod
1357 1063 1530 1130 Sceledrus

357 1193 387 1240 u.
412 1172 477 1240 289
503 1173 584 1239 dicit
607 1168 786 1254 nescioquo
810 1168 1030 1234 adulescente.

465 1299 559 1380 Apud
577 1297 766 1363 Terentium
784 1295 827 1363 30
842 1297 888 1363 ies
904 1291 1102 1357 adulescens
1119 1296 1223 1362 medio
1239 1296 1270 1360 iu
1289 1316 1385 1360 uersu
1410 1300 1529 1375 exstat,

356 1405 390 1470 iu
415 1405 562 1470 clausula
595 1423 708 1470 uersus
737 1410 870 1485 praeter
903 1403 1038 1468 formam
1072 1396 1335 1463 adulescentium
1370 1422 1432 1467 nou
1466 1401 1530 1466 nisi

356 1512 474 1576 Plrorm
500 1509 574 1577 752.
622 1511 794 1592 genetiuus
822 1517 929 1576 autem
966 1511 1103 1592 pluralis
1126 1510 1272 1575 omnibus
1303 1510 1383 1576 loeis
1414 1509 1531 1589 quibus

357 1623 466 1682 exstat
491 1618 580 1682 Haut
604 1615 634 1696 2,
669 1602 719 1682 Ad
745 1615 823 1698 188,
847 1614 912 1682 207
947 1617 980 1681 in
1015 1635 1129 1682 uersus
1165 1616 1228 1682 fine
1261 1617 1385 1698 positus
1418 1623 1466 1682 est
1498 1624 1531 1681 et

356 1743 483 1804 semper
507 1724 643 1789 formam
668 1725 767 1789 habet
798 1717 1101 1804 adulescentium3
1132 1723 1209 1789 item
1234 1725 1309 1790 Gom
1335 1745 1355 1806 p
1380 1722 1423 1790 70
1448 1724 1531 1790 daec

355 1828 431 1896 211.
478 1831 586 1896 altera
618 1831 722 1896 forma
745 1824 1013 1891 adulescentum
1038 1832 1124 1912 apud
1149 1833 1300 1898 Plautum
1327 1833 1397 1896 sola
1422 1837 1530 1896 exstat

355 1955 394 2004 ae
417 1957 544 2019 semper
568 1937 672 2004 medio
706 1937 738 2002 in
763 1957 860 2003 uersu
886 1938 964 2004 Asin
997 1936 1070 2020 133,
1100 1939 1207 2003 Pseud
1234 1937 1308 2004 364.
1355 1938 1412 2003 sed
1446 1930 1530 1998 adu·

355 2038 555 2107 lescentulus
579 2051 611 2110 et
635 2039 887 2105 adulescentula
912 2045 997 2126 apud
1022 2044 1210 2110 'Ferentium
1235 2043 1278 2110 24
1302 2045 1348 2110 ies
1357 2041 1387 2124 ⁹⁶)
1412 2045 1444 2110 in
1466 2045 1529 2111 due

360 2169 475 2216 uersus
492 2157 612 2233 exstat,
629 2151 679 2216 bis
695 2155 821 2217 tanturm
840 2151 944 2217 medio
962 2151 994 2216 in
1013 2170 1118 2217 uersu.
1151 2151 1367 2217 metricam
1394 2151 1529 2232 igitur

355 2257 564 2323 rationem
591 2257 902 2340 praeualuisse
931 2256 1028 2324 facile
1053 2257 1268 2339 cognoscitur.

463 2384 583 2449 Restat
607 2388 643 2449 ut
668 2383 707 2450 de
732 2403 761 2450 u.
784 2385 857 2450 Rud
882 2382 946 2450 313
970 2403 1116 2466 agamus
1142 2384 1196 2464 qui
1213 2385 1398 2464 quamuisa
1422 2384 1531 2450 nudtis

356 2490 438 2555 uiris
462 2490 567 2555 doctis
591 2490 654 2556 iam
678 2498 904 2572 pertractatus
928 2491 982 2572 sit,
1006 2497 1141 2556 sanatus
1168 2498 1273 2556 lamen
1297 2492 1435 2557 nondum
1461 2511 1531 2557 esse

356 2597 497 2662 uidetur.
546 2597 674 2662 codices
705 2597 904 2662 recensionis
929 2596 1102 2663 Palatinae
1122 2631 1159 2639 -—
1180 2597 1426 2662 Ambrosianum
1446 2598 1529 2662 euim

356 2704 412 2768 hos
446 2721 561 2769 uersus
595 2722 657 2769 non
694 2705 852 2785 praebere
885 2704 1030 2769 dolemus
1063 2737 1102 2745 -
1136 2705 1300 2769 nonnullis
1335 2703 1531 2770 differentiis

355 2809 489 2875 minoris
513 2810 668 2876 momenti
692 2810 820 2876 omissis
847 2811 925 2876 liaeo
948 2811 1102 2878 tradunt:

524 2927 567 2995 Vt
581 2929 790 3016 piscatorem
815 2951 958 3018 acquum
982 2938 1033 2996 est
1046 2931 1148 3017 sanre
1171 2931 1291 3019 sc'tt'qne
1315 2939 1434 3019 speque

516 3034 565 3102 Ec
588 3058 684 3125 quem
709 3035 954 3102 adulescentem
977 3036 1040 3103 lun
1062 3038 1144 3103 dcem
1167 3037 1219 3104 ln‘c
1242 3039 1366 3104 astatis

355 3140 505 3208 Strenua
519 3142 616 3228 facte
639 3141 863 3210 rnln‘cundnm
877 3143 1010 3229 sortem
1032 3145 1091 3232 qul
1111 3151 1181 3210 tres

354 3247 503 3316 Duceret
525 3249 726 3315 clamc'datos
749 3273 824 3316 cum
848 3250 1027 3317 maclcern's
1049 3250 1169 3317 nz'dc'stc'
1187 3253 1262 3319 seui

516 3355 651 3437 (uzdc'stl
670 3357 746 3423 seni
766 3360 871 3428 BCD1
981 3358 1116 3424 ucdz'stc's
1141 3362 1261 3445 ulra)

463 3486 560 3551 Certe
593 3487 705 3566 quales
738 3489 913 3554 traduntur
948 3508 1060 3555 uersus
1096 3509 1169 3556 esse
1201 3510 1262 3555 nou
1294 3499 1439 3575 possunt,
1472 3493 1528 3558 sed

358 3591 453 3658 aliter
489 3611 542 3657 eos
578 3593 735 3675 distingui
767 3600 906 3676 oportet.
954 3596 1046 3676 atqui
1078 3599 1116 3656 ut
1146 3592 1353 3678 piscatorem
1382 3615 1527 3680 aequum

355 3699 406 3758 est
418 3693 520 3778 sance
542 3693 663 3781 sitique
686 3703 809 3782 speque
834 3720 947 3767 uersus
971 3702 1150 3784 septenarii
1181 3704 1311 3768 iambici
1343 3705 1469 3770 initium
1496 3713 1528 3770 et

355 3797 418 3865 huc
441 3799 523 3865 dnm
545 3800 597 3866 ln'e
620 3803 744 3867 astatis
767 3809 908 3868 strenua
923 3804 1019 3890 facie
1047 3803 1269 3872 rubicundum
1288 3807 1420 3893 sortem
1445 3813 1526 3894 opti·

355 3929 439 3976 mum
475 3913 695 3993 septenarium
733 3933 805 3979 esse
841 3934 951 3982 omues
987 3916 1088 3981 ferme
1124 3917 1286 3983 uiderunt.
1344 3920 1402 3984 sed
1445 3920 1527 4000 quod

356 4017 494 4085 Gulielus
517 4020 574 4086 alii
599 4021 825 4088 corrieoeruut:

462 4193 489 4260 *l
509 4195 589 4263 Apud
610 4195 772 4250 Terentium
790 4203 960 4268 quantopere
981 4198 1062 4253 lulius
1085 4199 1248 4254 deminutiui
1269 4200 1439 4254 increbuerit
1453 4219 1527 4270 rusus,

356 4280 557 4350 neglegendum
578 4299 629 4336 nou
651 4287 702 4340 ost.
