3382 4794
820 434 1037 515 ης..

450 641 529 714 Trio
557 643 642 712 1180
666 640 854 712 Charmides
878 645 933 711 diu
958 644 1185 728 peregrinatus
1220 650 1253 712 et
1276 662 1362 710 nurrc
1390 633 1516 708 demum

342 754 468 821 domum
501 772 653 819 reuersus
676 752 743 819 filio
776 771 793 814 o
821 756 912 832 pater
940 753 986 816 rai
1013 751 1102 816 solae
1133 753 1297 818 salutante
1330 751 1399 832 ipse
1430 749 1518 813 solue

342 861 476 925 rodium
499 860 607 940 inquit
625 863 718 940 poete
740 859 794 922 mi.
1494 879 1496 882 ·

451 1003 561 1069 Etiam
586 1003 656 1068 Hoc
678 999 743 1068 352
767 999 824 1066 So:
864 1020 880 1064 o
908 1001 953 1064 mi
980 1001 1092 1082 panto!
1130 999 1272 1082 Pompo.-
1310 1020 1378 1065 πιθα
1405 1003 1518 1073 mater,

342 1111 438 1177 solue.
486 1107 544 1174 So:
565 1108 686 1191 pendeo
708 1109 828 1172 cenoso
851 1108 984 1172 salona.
1035 1115 1068 1174 et
1092 1109 1162 1175 Hec
1186 1107 1250 1176 456
1275 1106 1342 1171 Po:
1365 1107 1454 1171 soloe
1476 1109 1521 1170 mi

337 1222 444 1298 pater.
462 1216 530 1280 Lo:
553 1220 646 1297 ponte
659 1217 714 1296 mi,
735 1215 823 1290 solue
843 1216 965 1283 blanda
987 1216 1155 1282 clamoris
1178 1217 1274 1298 plena
1291 1222 1342 1282 est
1365 1214 1521 1282 allocutio

346 1326 387 1392 ad
411 1325 513 1392 filium
538 1343 716 1390 reuersum.

454 1458 629 1526 asinariae
652 1456 743 1540 locis,
758 1477 838 1539 quros
854 1477 955 1540 snpra
976 1458 1306 1535 commemorauimns,
1322 1465 1418 1539 pater
1433 1458 1523 1522 blan-

347 1567 440 1632 ditiis
465 1565 568 1631 lilium
585 1565 649 1630 sibi
667 1565 900 1631 conciliaturus
916 1569 985 1646 ost3
1010 1565 1160 1630 similiter
1177 1567 1267 1630 Mero
1283 1563 1346 1631 367
1365 1564 1523 1646 Demipho

350 1681 385 1738 et
408 1673 508 1739 filium
531 1672 707 1737 conciliare
732 1679 765 1736 et
788 1690 911 1736 omnem
928 1671 1141 1752 suspicionem
1158 1691 1178 1737 a
1194 1692 1229 1737 se
1244 1691 1396 1738 amouere
1412 1671 1525 1736 studet

349 1777 398 1862 (cf
429 1777 520 1858 385).
581 1778 701 1845 ceteris
723 1797 849 1860 quoque
870 1778 948 1844 locis
979 1779 1023 1840 mi
1044 1783 1137 1858 ponte
1153 1779 1274 1844 dictum
1297 1798 1369 1844 csse
1392 1777 1524 1844 uidetur

350 1895 406 1955 aut
432 1908 502 1954 cnm
528 1907 607 1953 cura
640 1887 779 1968 quadam
805 1893 837 1950 et
860 1886 1089 1952 beneuolentin
1113 1892 1172 1952 ant
1195 1905 1265 1954 cnm
1290 1883 1475 1951 hortatione
1491 1891 1525 1948 et

350 1995 514 2076 consiliis
545 2001 581 2060 ut
609 1995 828 2060 coniecturam
859 1996 955 2060 rebus
977 1995 1056 2076 ipsis
1080 1995 1190 2076 aliqua
1216 2014 1256 2060 ex
1279 2001 1374 2075 parte
1392 1993 1525 2080 probari

351 2103 528 2168 uideamus,

460 2234 583 2320 Quodsi
608 2235 780 2302 uocatinus
813 2236 964 2302 nocabnli
999 2237 1273 2319 propinquitatem
1308 2234 1526 2318 significantis

353 2342 553 2409 sollemniter
574 2341 787 2424 grauiterque
811 2348 998 2436 usurpatur,
1023 2343 1121 2410 facile
1145 2343 1374 2425 intellegemus
1391 2348 1526 2424 gnatum

354 2471 424 2515 eam
457 2451 496 2515 ob
528 2469 596 2515 rem
630 2449 782 2515 nocatiue
815 2449 901 2531 dici,
925 2451 1026 2530 quod,
1047 2455 1083 2516 nt
1106 2451 1168 2515 iam
1194 2451 1346 2533 uidimus,
1370 2449 1528 2514 sermonis

355 2563 405 2622 est
428 2555 595 2637 grauioris
619 2557 756 2634 ideoque
779 2555 821 2619 ad
846 2575 898 2620 res
922 2557 1094 2623 sollemnes
1116 2547 1221 2638 magis
1245 2557 1404 2622 idoneum.
1444 2557 1529 2620 lrunc

292 2734 294 2736 ,
356 2683 446 2730 usum
478 2663 542 2728 iam
572 2663 672 2742 rrulgo
706 2663 868 2742 ualuisse,
907 2683 970 2730 non
1004 2685 1025 2730 a
1063 2666 1168 2745 poetis
1205 2665 1330 2730 demum
1370 2662 1530 2728 scaenicis

356 2772 522 2838 inuentum
557 2790 628 2836 esse
666 2772 736 2838 ueri
761 2775 812 2836 est
836 2771 1045 2837 simillimum.
1093 2772 1300 2838 nuncetiam
1326 2771 1365 2836 de
1396 2770 1529 2835 Catonis

327 2911 329 2915 v
357 2878 437 2943 locis
459 2877 582 2942 rectius
599 2876 831 2944 indicabimus:
857 2876 970 2941 Marce
990 2877 1040 2958 pili
1062 2879 1107 2944 ibi
1132 2878 1213 2944 dicit
1229 2879 1319 2960 Cato,
1344 2897 1405 2943 non
1428 2880 1531 2958 ponte,

357 2985 441 3066 quod
467 2985 500 3050 id
525 2989 650 3050 tantum
674 2983 756 3066 agit,
782 2992 818 3050 ut
841 2985 872 3049 ei
897 2985 952 3066 qni
977 2986 1261 3066 leguntltlamnrn,
1286 2985 1338 3050 cni
1362 2985 1531 3051 dedicatus

360 3099 411 3156 est
435 3092 491 3156 ille
514 3091 607 3172 liber,
643 3091 743 3156 filium
782 3109 872 3156 suum
906 3111 976 3156 esse
1001 3091 1124 3174 sciant3
1159 3092 1304 3174 appellat
1335 3092 1435 3158 filium
1469 3112 1530 3158 non

359 3197 552 3280 emphatice,
576 3197 631 3263 sed
658 3204 822 3280 tamqnam
848 3199 986 3280 publice.

467 3333 585 3398 Restat
617 3336 654 3397 ui
687 3339 795 3397 cetera
827 3332 968 3415 uestigia
998 3340 1184 3416 tractemus,
1215 3335 1333 3415 quibus
1357 3336 1534 3402 Buecheler

360 3439 557 3504 sententiam
578 3440 666 3504 illam
689 3439 728 3504 de
743 3439 802 3505 filii
826 3441 975 3507 uocabuli
999 3461 1059 3508 usn
1083 3442 1309 3524 antiquissimo
1333 3452 1534 3523 matrumque

361 3546 431 3610 inre
454 3543 668 3611 suffulciebat.
716 3546 801 3612 dixit
825 3548 907 3613 enim

470 3676 499 3744 1.
522 3687 635 3760 poetas
668 3680 809 3746 comicos
834 3682 934 3747 multo
968 3683 1098 3765 saepius
1122 3683 1245 3749 dixisse
1259 3703 1397 3762 puerum
1413 3685 1537 3763 pipard

363 3806 458 3868 quam
488 3785 592 3864 filium
623 3788 750 3866 peperit.
797 3788 888 3870 atqui
919 3788 1022 3867 filiorm
1051 3809 1162 3869 parcre
1195 3796 1305 3857 exstat
1328 3793 1432 3872 Anpn
1458 3789 1534 3868 480,

364 3892 440 3974 718,
464 3891 539 3972 720,
565 3891 778 3976 1088,·m·uo
801 3893 877 3960 522.
931 3896 1021 3962 Haut
1055 3895 1151 3979 1022,
1188 3903 1221 3961 et
1257 3895 1393 3974 filiolum
1421 3898 1537 3976 peperit

365 4002 452 4065 'l'ruc
469 3997 554 4084 6403
578 4000 612 4066 cf
624 4000 730 4079 filiam
746 4021 862 4080 parere
886 4001 1046 4081 0151163,
1072 4001 1146 4070 617..
1193 4003 1249 4068 sed
1274 4023 1406 4082 puerum
1428 4025 1538 4082 parere

365 4106 416 4174 luis
440 4107 663 4173 tantummodo
689 4108 767 4173 locis
793 4109 992 4174 inuenimus:
