3382 4794
505 1673 531 1752 1.
561 1673 618 1753 Do
647 1671 864 1752 nonnullis
893 1671 1129 1752 uocabulis.

632 1889 1006 1956 1.MortaleS.

341 2089 450 2154 Etiam
476 2090 663 2154 noenbntnm
689 2088 874 2153 mortalium
899 2088 975 2169 quin
1000 2088 1157 2169 pandatim
1174 2089 1200 2152 si
1219 2108 1281 2156 non
1297 2090 1329 2154 in
1347 2109 1405 2155 usn

232 2196 431 2278 cottidiano,
466 2206 501 2259 nt
531 2197 563 2260 in
598 2196 800 2261 nonumtione
831 2203 865 2260 et
894 2194 1047 2276 politiore
1076 2194 1226 2260 oratione
1251 2195 1405 2262 usitatius

232 2305 324 2368 fieret.
355 2323 417 2368 non
455 2303 587 2368 muttum
622 2303 744 2368 afuisse
778 2303 816 2368 F.
850 2303 983 2368 Cramer
1021 2299 1115 2377 (Was
1145 2302 1246 2367 heisst
1278 2303 1406 2370 Lente?

236 2409 362 2475 Woelfft
400 2411 498 2475 Aeoli.
526 2409 582 2490 VI,
606 2408 670 2476 342
692 2431 722 2490 q.
744 2406 783 2487 s.)
808 2409 987 2474 contendit.
1015 2409 1173 2474 sermonis
1197 2409 1300 2491 igitur
1324 2430 1406 2476 oom-

231 2518 335 2581 mnnis
359 2537 429 2582 esse
452 2516 534 2581 idem
559 2537 598 2582 eo
622 2527 766 2581 nostmm
782 2515 878 2578 Lento
900 2516 1089 2596 significans
1104 2535 1238 2597 prorsus
1255 2523 1404 2598 negatur.

230 2625 325 2704 panio
355 2643 453 2704 snpra
478 2625 560 2689 idem
587 2624 736 2690 dixerat:
770 2621 833 2686 Dio
858 2620 1167 2686 nomenmodo-testo
1189 2621 1406 2706 Ersoiteinnny

227 2729 300 2793 odor
333 2731 382 2803 ist,
418 2729 491 2793 does
518 2729 568 2792 die
591 2729 760 2792 Kotnoodio
786 2765 825 2775 -
849 2749 908 2792 oon
939 2728 1148 2792 veroinzoitem
1170 2729 1309 2810 ommino
1339 2731 1408 2794 nod

224 2836 392 2917 populares
413 2835 578 2917 abyesohen
603 2873 642 2882 -
665 2832 807 2916 iodiyiiod
830 2835 967 2900 donnines
983 2835 1076 2898 donni
1092 2839 1172 2898 troie
1188 2835 1244 2899 der
1257 2835 1403 2918 doemon

235 2942 434 3008 Wiedorioeizr
457 2943 510 3006 des
525 2942 673 3024 Boyriffs.
712 2963 752 3008 no
776 2944 808 3007 in
831 2963 869 3009 ea
894 2943 1021 3025 quidem
1039 2943 1283 3010 dissertationis
1298 2953 1403 3027 parte,

227 3070 291 3132 qua
314 3050 462 3133 singulos
481 3051 569 3116 locos
586 3059 763 3136 enumerat,
791 3050 874 3115 nllus
892 3049 1048 3115 eiusmodi
1065 3051 1155 3116 loeus
1172 3069 1213 3115 ex
1232 3051 1403 3116 comoediis

226 3169 373 3239 sommus
385 3164 665 3223 commemoratur.
696 3158 787 3239 atqui
802 3157 969 3223 inuenitur
981 3156 1127 3220 enodatos
1138 3159 1222 3240 apud
1235 3159 1402 3224 Plautum:

227 3285 329 3328 omnes
352 3264 515 3327 mortales:
560 3267 661 3347 Amph
687 3261 783 3343 1047,
818 3265 901 3345 Capi
924 3262 999 3344 465,
1023 3263 1100 3344 798,
1125 3265 1195 3330 dist
1218 3263 1294 3344 466,
1316 3265 1401 3348 Epid

227 3371 302 3453 439,
325 3373 384 3438 Mil
404 3370 458 3452 55,
491 3372 572 3437 Pers
596 3370 672 3450 113,
695 3373 770 3439 Rnd
797 3369 890 3452 1285,
916 3373 995 3438 'Prin
1021 3369 1096 3438 212.
1128 3372 1273 3436 mortales
1294 3372 1402 3436 multi:

227 3480 299 3545 Men
326 3477 379 3546 30.
425 3477 502 3544 addi
528 3478 605 3544 lieet
639 3481 695 3545 ttos
725 3480 827 3544 locos:
860 3479 965 3562 Amph
991 3476 1067 3561 547,
1089 3480 1151 3545 Cas
1173 3476 1248 3561 348,
1272 3479 1346 3545 Rud
1371 3478 1401 3558 7,

227 3603 306 3666 qnos
340 3605 360 3650 a
391 3585 509 3651 ceteris
541 3603 610 3650 enm
641 3586 681 3649 ob
705 3603 837 3651 oausam
872 3584 1061 3666 disiungere
1094 3585 1212 3668 malim,
1247 3578 1400 3666 quodibi

226 3693 381 3758 mortales
406 3692 551 3758 homines
575 3691 639 3757 diis
662 3692 899 3759 immortalibus
929 3691 1048 3775 opponi
1072 3711 1136 3757 non
1160 3692 1230 3758 sine
1248 3692 1401 3758 ueritatis

228 3799 335 3882 specie
365 3798 515 3865 contendi
547 3805 665 3880 potest.
714 3818 817 3881 neqne
850 3818 928 3864 nono
961 3799 1008 3865 eis
1036 3800 1128 3882 looiS,
1159 3820 1238 3882 qnos
1262 3801 1399 3882 prinmm

227 3905 377 3986 laudaui,
407 3903 551 3969 mortales
585 3925 654 3972 oum
691 3907 723 3972 ui
755 3907 894 3987 quadam
928 3907 1000 3987 dici,
1033 3917 1069 3972 ut
1094 3908 1235 3973 immines
1260 3908 1401 3975 imbecil-

229 4013 277 4078 los
308 4033 379 4079 esse
411 4014 622 4096 ostendatur,
654 4013 710 4079 sed
734 4014 813 4078 nihii
843 4014 929 4078 atiud
955 4014 1142 4094 significate
1167 4015 1230 4080 nisi
1254 4023 1398 4083 nostrum

227 4121 339 4193 Lente,
374 4121 520 4187 omnibns
550 4123 628 4187 loois
659 4121 861 4204 perspicuum
887 4121 1146 4204 est.‚'imp1·imis
1170 4123 1276 4205 Amph
1302 4123 1398 4205 1047,

230 4225 530 4307 Rnd1285,'i1·in
557 4225 631 4294 212.
679 4234 849 4316 praeterea
874 4231 1081 4314 Cramerum,
1116 4249 1186 4300 oum
1214 4231 1312 4302 etiem
1346 4250 1400 4303 eos
