3382 4794
459 381 868 502 f-'er-

284 612 472 679 Tereutium
498 619 617 692 autern,
642 611 669 676 si
693 611 780 693 apud
805 611 1022 678 Menandrum
1054 631 1162 678 senem
1196 633 1258 678 non
1296 613 1352 679 du·

173 722 261 788 'aisse
287 741 415 786 uxorem
442 719 512 785 iure
537 720 672 798 Langen
700 725 843 801 putaret,
873 707 1025 808 scaenam
1051 719 1139 785 illam
1164 719 1351 787 additurum

180 829 292 910 luisse,
317 848 356 894 ne
373 829 590 894 Rauranorum
608 846 713 891 mores
731 826 1026 907 uerecundiamque
1045 826 1226 894 offenderet
1250 829 1351 894 uitam

179 937 330 1002 caelibem
356 923 518 1015 tamquam
544 933 673 1014 impiam
699 951 769 998 esse
793 933 989 1015 putantium,
1015 933 1162 1013 equidem
1188 953 1351 1016 nunquam

178 1042 381 1108 crediderim.
428 1060 501 1105 nam
542 1039 714 1105 morositas
739 1059 778 1104 ne
804 1038 946 1120 Augusti
978 1039 1107 1121 quidem
1142 1046 1252 1108 aetate
1276 1041 1352 1108 talis

178 1159 250 1216 erat
273 1162 305 1215 et
331 1148 491 1214 Horatius
516 1146 681 1228 Vergilius
705 1146 762 1211 alii
788 1147 860 1228 lege
884 1147 1038 1227 Poppaea
1067 1167 1129 1214 000
1155 1149 1351 1230 impediente

178 1257 317 1323 caelibes
341 1260 447 1321 eraut.
496 1254 631 1320 'Ferenti
655 1259 763 1320 autem
789 1259 900 1320 aetate
936 1253 1033 1320 facile
1067 1261 1176 1337 potest
1196 1255 1350 1337 intellegi

178 1370 300 1446 quauta
338 1361 440 1428 fuerit
473 1380 592 1426 morum
629 1360 886 1442 disciplinaeque
920 1361 1081 1428 seueritas
1117 1381 1237 1442 eorum,
1271 1382 1351 1445 quos

177 1471 327 1538 (lesinam
354 1471 497 1536 fabulam
521 1469 680 1551 imprimis
709 1471 882 1534 obscenam
918 1469 1063 1534 studiose
1088 1476 1124 1534 ut
1148 1470 1251 1542 denuo
1277 1470 1350 1537 ede·

178 1589 270 1645 retur
295 1578 461 1659 expetisse
485 1597 526 1642 ex
550 1577 622 1642 Das.
647 1577 718 1658 prol
737 1574 777 1641 11
802 1596 832 1657 q.
858 1597 882 1642 s.
909 1577 1117 1658 cognonimus
1142 1573 1190 1656 (cf
1212 1579 1350 1655 Schoell,

177 1688 247 1753 Cas.
282 1685 385 1767 praef.
423 1682 566 1766 lel):
601 1684 657 1749 hos
691 1683 792 1749 nimia
820 1684 1003 1767 postulasse
1032 1683 1202 1766 quisquam
1232 1685 1350 1766 putat?

177 1793 260 1875 quod
286 1792 403 1858 deinde
436 1792 477 1857 ad
502 1810 567 1856 rem
598 1790 704 1872 ipsam
730 1791 968 1873 explanandam
995 1793 1129 1873 Langen
1155 1793 1284 1859 addidit
1313 1829 1345 1838 -

176 1901 326 1966 similiter
363 1901 430 1964 Leo
463 1896 640 1979 (Deutsche
670 1899 885 1964 Litteraturz.
922 1897 1017 1980 1882,
1054 1897 1133 1978 358)
1167 1911 1201 1966 et
1234 1900 1349 1966 Schlee

176 2004 276 2088 (Berl.
307 2007 385 2090 phil.
412 2007 644 2072 Wochensclrr.
675 2004 705 2088 2,
738 2001 794 2085 99)
820 2006 1045 2072 disseruerunt
1083 2041 1121 2050 -
1155 2006 1349 2074 Aeschinum

175 2115 255 2181 illud
278 2115 408 2194 promisi
431 2133 484 2193 eqo
508 2112 571 2176 illis
594 2113 634 2178 ad
651 2119 778 2194 tempus
795 2114 939 2194 linxisse,
964 2114 1041 2179 mihi
1056 2113 1196 2195 quidem,
1222 2113 1350 2180 etiamsi

176 2223 257 2288 talia
286 2222 372 2304 apud
406 2229 520 2303 poetas
554 2223 720 2288 scaenicos
745 2241 822 2288 sarie
857 2221 1068 2288 inueniuntur
1098 2219 1147 2300 (cf
1177 2222 1253 2287 bor.
1280 2221 1348 2286 Mil.

178 2327 286 2410 1007),
312 2335 421 2394 tamen
447 2348 600 2410 peruerse
625 2328 806 2395 coniectum
832 2348 901 2395 esse
925 2330 1068 2395 uidetur.
1124 2348 1198 2395 nam
1224 2327 1251 2393 si
1276 2329 1348 2410 quis

177 2438 300 2518 fingere
324 2438 405 2516 11011,
430 2437 478 2500 ito
502 2455 574 2501 eum
600 2436 733 2501 mentiri
757 2441 897 2518 oportet,
929 2442 964 2502 ut
995 2435 1084 2502 credi
1112 2434 1217 2518 possit
1249 2436 1350 2517 speci·

176 2564 289 2626 emque
319 2545 439 2608 haheat
474 2543 636 2609 ueritatis.
685 2544 741 2609 sed
777 2543 981 2626 Aeschinum,
1009 2542 1065 2625 qui
1096 2542 1200 2626 primo
1229 2542 1349 2610 tacitus

174 2650 375 2732 pauidusque
408 2671 427 2714 a
453 2652 574 2716 Demea
604 2652 731 2716 demum
758 2657 793 2716 ut
824 2651 895 2732 ipse
921 2671 1049 2732 quoque
1073 2651 1245 2718 Micionem
1275 2671 1349 2733 pre·

176 2756 267 2823 cibus
283 2766 408 2839 peteret
433 2763 610 2823 commotus
635 2757 714 2822 nihil
740 2763 775 2823 ut
791 2756 838 2822 ita
863 2757 966 2823 dicam
994 2757 1059 2822 nisi
1074 2758 1213 2824 Demeae
1238 2777 1347 2824 uocem

175 2863 326 2943 remittit,
361 2864 549 2946 promisisse
582 2864 649 2929 illis
691 2871 922 2944 auctoremque
955 2863 1057 2931 fuisse
1091 2864 1217 2931 consilii
1251 2864 1349 2932 Micio

175 2972 307 3037 credere
345 2991 407 3036 nou
443 2976 561 3051 petest.
609 2970 688 3036 nihil
723 2971 826 3053 igitur
855 2970 919 3037 uiri
944 2971 1040 3055 docti,
1074 2971 1131 3053 qui
1164 2972 1203 3037 de
1237 2971 1348 3036 Caroli

177 3078 339 3145 Dniatzko
373 3079 514 3145 editione
547 3078 700 3145 iudicium
735 3079 895 3162 fecerunt,
931 3079 965 3145 in
990 3080 1051 3145 hac
1084 3079 1275 3160 quaestione
1305 3081 1346 3145 ah

176 3186 232 3251 illo
257 3186 326 3268 ipso
351 3189 432 3251 bene
457 3192 543 3252 mota
568 3183 723 3268 (Adelph.
758 3186 861 3268 praef.
887 3206 908 3268 p
932 3185 952 3251 5
976 3187 1040 3252 adn
1067 3183 1099 3264 1)
1125 3185 1348 3268 profecerunt.

283 3293 380 3358 Certe
414 3293 439 3357 si
466 3293 538 3373 quis
562 3294 666 3373 finxit,
692 3312 763 3358 eum
789 3291 922 3359 finxisse
957 3299 1098 3375 oportet,
1123 3293 1175 3372 qui
1202 3290 1346 3374 Micioni,

175 3409 210 3466 111
238 3403 421 3466 Sostratam
452 3401 594 3482 duceret,
625 3399 748 3481 primus
779 3405 940 3465 suaserat.
987 3401 1152 3465 Demeae
1181 3407 1217 3465 ut
1246 3400 1348 3464 uerba

174 3508 232 3573 ille
261 3508 489 3590 attribuamus,
523 3508 620 3574 etiam
651 3508 717 3574 alia
751 3526 850 3573 causa
880 3526 1048 3573 mouemur.
1104 3525 1178 3572 nam
1207 3506 1346 3572 iuterro-

175 3616 267 3696 ganti
304 3614 436 3680 Micioni
470 3611 558 3680 Idne
587 3609 667 3680 estis
699 3615 855 3680 coctores
882 3605 997 3677 mihi?
1029 3621 1062 3679 et
1087 3613 1283 3680 Aeschinum
1313 3619 1347 3678 et

173 3724 326 3788 Demeam
363 3723 562 3804 respondere
599 3728 854 3788 consentaneum
889 3728 948 3787 est.
996 3721 1081 3802 quod
1116 3729 1152 3787 ut
1184 3722 1252 3802 fiat,
1287 3720 1347 3786 hac

174 3831 362 3896 coniectura
386 3830 582 3911 perficimus:

280 3937 408 4010 Aesch:
438 3940 522 4028 Foc,
553 3974 605 3990 -·
636 3940 742 4010 Dent:
771 3938 923 4010 Promisi
951 3960 1009 4027 epo
1036 3938 1117 4014 illis.

170 4073 252 4138 haec
275 4074 374 4136 uerba
399 4079 434 4137 ut
458 4093 478 4136 a
502 4071 649 4137 librariis
668 4072 827 4138 Aeschino
852 4070 1115 4138 attribuerentur
1130 4072 1248 4153 omnia,
1273 4091 1343 4139 eam

171 4181 212 4245 ob
244 4199 311 4245 rem
347 4180 469 4244 facturn
504 4198 574 4244 esse
608 4180 761 4259 arbitror,
795 4178 880 4261 quod
921 4175 963 4243 dc
999 4179 1030 4243 10
1066 4172 1210 4263 largitor
1239 4195 1343 4264 puer,

169 4278 212 4343 ad
237 4279 389 4343 Demeam
415 4296 524 4343 senem
550 4283 699 4360 spectare
725 4296 785 4344 non
808 4297 904 4359 posse
928 4279 1100 4359 putabant.

1165 4400 1197 4452 4111
