3382 4794
623 401 858 472 ρ-11-’

150 602 205 666 sed
230 601 316 682 apud
340 606 456 682 poetas
473 599 618 682 tragicos
640 602 766 666 semel
784 602 1007 668 tautummodo
1024 602 1056 668 iu
1075 603 1212 671 Pacuuii
1230 605 1321 686 ἶνας-

149 708 284 792 meutis3
308 727 411 789 neque
440 714 547 774 tamen
574 728 648 775 uum
674 709 730 774 ille
754 729 868 776 uersus
892 709 1083 790 tragoediae
1110 731 1147 777 re
1170 730 1250 778 uero
1268 713 1321 795 sit,

148 817 230 880 satis
252 822 401 897 coustat3
427 836 501 881 uam
517 816 587 882 siue
609 816 741 883 fabulae
757 817 886 883 uomiue
901 817 1035 883 citatum
1051 818 1177 900 Niptris
1193 826 1322 902 tragoe-

148 923 222 990 diae
246 923 357 988 Delrio
383 922 544 988 attribuit.

148 1101 298 1168 similiter
332 1102 442 1168 filia
465 1102 551 1184 apud
575 1104 726 1170 Plautum
752 1109 861 1170 exstat
1202 1104 1321 1172 ituras

147 1210 231 1290 apud
258 1209 446 1275 'Ferentium
1221 1212 1264 1279 42
1290 1265 1304 1296 ,‚

147 1317 232 1398 apud
257 1320 383 1382 ceteros
406 1322 521 1398 poetas
546 1317 683 1382 comicos
1241 1319 1261 1385 2
1289 1368 1301 1398 „

147 1423 179 1488 iu
212 1425 350 1490 omuiuur
383 1424 485 1505 igitur
510 1426 702 1492 comicorum
727 1432 894 1508 poetarum
919 1425 1067 1508 reliquiis
1199 1424 1263 1492 183
1289 1475 1301 1502 „

147 1530 203 1594 sed
229 1529 260 1595 iu
286 1532 484 1612 tragicorum
510 1532 656 1613 reliquiis
1240 1533 1260 1599 4
1288 1582 1301 1611 ,‚

146 1644 290 1717 gnatus
315 1656 391 1703 uero
415 1639 501 1721 apud
525 1639 676 1705 Plautum
701 1646 811 1706 exstat
1217 1640 1260 1707 76
1288 1689 1301 1718 ,‚

146 1744 231 1825 aprrd
254 1743 441 1810 Terentium
1217 1746 1261 1814 52
1287 1795 1300 1825 „

145 1851 233 1933 apud
257 1855 383 1917 ceteros
406 1857 520 1933 poetas
545 1852 683 1918 comicos
1240 1853 1259 1920 3
1286 1902 1299 1933 „

146 1957 178 2022 iu
209 1958 349 2024 omuium
378 1958 480 2041 igitur
504 1960 698 2026 comicorum
724 1968 889 2042 poetarum
916 1961 1063 2043 reliquiis
1195 1949 1298 2054 1311»

145 2066 202 2130 sed
227 2065 260 2130 iu
285 2066 484 2146 tragicorum
510 2074 677 2148 poetarum
703 2067 849 2148 reliquiis
1220 2068 1258 2136 16
1286 2121 1300 2151 ‚‚

146 2177 179 2237 et
203 2179 333 2253 gnata
354 2174 440 2255 apud
464 2175 615 2240 Plautum
641 2180 752 2239 exstat
1216 2173 1258 2241 32
1285 2223 1299 2254 „

145 2281 231 2360 apud
256 2281 443 2347 Terentium
1216 2280 1258 2348 19
1284 2329 1297 2360 „

145 2387 229 2469 apud
255 2393 379 2454 ceteros
403 2395 517 2469 poetas
542 2388 679 2454 comicos
1237 2388 1256 2453 3
1286 2435 1299 2465 „

145 2495 176 2559 iu
203 2495 342 2560 omnium
369 2495 471 2576 igitur
495 2501 663 2576 poetarum
689 2495 879 2561 comicorum
905 2495 1051 2576 reliquiis
1214 2493 1257 2560 54
1284 2547 1299 2576 ,‚

144 2601 201 2666 sod
227 2602 312 2683 apud
336 2608 450 2683 poetas
475 2603 619 2684 tragicos
1237 2602 1256 2669 7
1285 2649 1298 2680 ‚,

252 2781 369 2861 ltaque
393 2781 420 2844 si
451 2781 557 2860 omnia
577 2781 732 2862 colligere
759 2781 847 2865 licet,
872 2781 1034 2848 crebritas
1058 2781 1208 2848 uocabuli
1235 2779 1316 2845 filii

144 2887 185 2951 ad
210 2887 360 2952 uocabuti
385 2887 496 2969 gnati
520 2887 728 2954 crebritatem

143 3030 228 3112 apud
253 3031 405 3096 Plautum
1069 3029 1148 3096 ut3
1207 3030 1248 3094 ad
1296 3028 1313 3095 1

142 3136 228 3218 apud
253 3136 444 3203 Terentium
1084 3183 1097 3216 ,‚
1130 3136 1179 3216 1,5
1220 3184 1233 3215 „
1296 3136 1310 3202 1

143 3243 230 3324 apud
248 3249 375 3309 ceteros
390 3248 504 3325 poetas
522 3245 658 3310 comicos
760 3244 765 3250 ’
1085 3295 1100 3325 ,,
1127 3238 1180 3326 2,6
1221 3290 1234 3322 ,‚
1297 3241 1313 3308 1

143 3351 228 3433 apud
252 3370 361 3416 omues
385 3357 497 3432 poetas
520 3351 658 3417 comicos
1085 3348 1179 3432 „at
1220 3397 1233 3428 ‚‚
1296 3349 1313 3414 1

143 3458 201 3524 sed
225 3457 311 3539 apud
336 3462 448 3539 poetas
473 3459 616 3540 tragicos
1086 3457 1146 3536 „1
1231 3504 1244 3535 „
1273 3455 1314 3522 16

142 3644 176 3703 et
201 3637 363 3704 crebritas
386 3637 534 3702 uocabuii
559 3637 676 3703 filiae
698 3638 739 3704 ad
762 3646 907 3720 gnatae
931 3639 1080 3705 uocabuii
1104 3637 1314 3704 crebritatem

142 3782 227 3862 apud
250 3781 402 3846 Plautum
423 3765 426 3771 Δ
1037 3786 1073 3846 ut
1096 3777 1148 3859 4‚3
1173 3778 1214 3844 ad
1239 3777 1257 3844 1

141 3887 228 3970 apud
252 3885 442 3954 Terentium
1041 3941 1056 3972 ,‚
1083 3886 1137 3971 23
1179 3938 1194 3969 ‚‚
1238 3887 1253 3953 1

141 3996 227 4076 apud
246 4001 372 4060 ceteros
394 3999 508 4075 poetas
533 3996 672 4061 comicos
1042 3996 1102 4076 „1
1179 4045 1194 4074 ,,
1236 3994 1298 4075 15,

142 4103 226 4183 apud
252 4121 360 4167 omues
383 4107 496 4182 poetas
521 4100 660 4168 comicos
1041 4104 1125 4190 „35
1177 4156 1190 4188 „
1235 4111 1250 4175 1

142 4207 199 4273 seri
224 4207 308 4292 apud
334 4213 447 4291 poetas
472 4208 617 4292 tragicos
1044 4213 1103 4295 „1
1178 4268 1192 4298 „
1240 4217 1312 4302 135
