3382 4794
668 443 890 512 ..33-

291 637 351 701 Α1.·
380 633 464 700 Ceno
486 639 676 719 adpositum:
701 642 851 704 occubuisti
875 661 1006 705 toccum:
1031 663 1084 724 eqo
1106 643 1235 708 occubui
1258 645 1362 708 Sintoi.

291 745 370 809 Am:
395 746 437 810 Iu
460 747 562 812 codem
586 749 684 812 lecto?
706 750 766 813 Al:
791 748 834 812 In
856 751 968 816 codem.
1016 750 1075 816 So:
1098 751 1153 833 Ei,
1181 755 1364 834 complacet

505 875 754 920 conuectum.

185 1017 289 1080 neque
313 999 462 1064 uersibus
484 1000 539 1081 qui
561 1005 756 1082 sequuntur:

290 1141 348 1205 Al:
385 1141 426 1204 Tc
455 1137 627 1206 domnitam
659 1142 766 1207 uibus:
799 1164 905 1208 cucuso
934 1145 1087 1210 ablutum:
1126 1147 1263 1212 bicinium
1291 1149 1363 1214 lunc

503 1249 646 1315 ubiiouoc.

290 1357 368 1421 Am:
405 1355 467 1420 Vot
489 1361 523 1420 tu
546 1356 704 1422 cubuisti?
724 1359 785 1423 Al:
817 1359 858 1424 lu
888 1359 990 1424 codem
1020 1360 1095 1426 lecto
1118 1365 1216 1426 tecum
1239 1385 1305 1428 cuno
1327 1366 1362 1428 iu

504 1464 654 1528 cccbiculo.

185 1613 244 1676 hnc
269 1610 395 1676 uenum
420 1615 514 1676 nocte
535 1611 644 1676 Iouem
671 1611 880 1678 Alcumenam
905 1611 1073 1692 grauidam
1092 1612 1210 1679 fecisse
1233 1615 1362 1682 demon·

183 1717 283 1783 stnani
307 1724 425 1799 potest,
450 1737 520 1784 cum
545 1737 586 1782 no
604 1717 654 1782 his
677 1718 806 1800 quidem
832 1718 872 1784 dc
897 1720 1080 1799 concubitu,
1104 1721 1161 1787 scd
1186 1721 1226 1787 do
1246 1741 1357 1789 somno

183 1833 309 1891 tantum
345 1831 473 1905 agatur.
522 1825 580 1890 scd
612 1845 674 1906 quo
699 1826 828 1905 clariuS,
862 1825 938 1907 quid
972 1826 1034 1892 sibi
1058 1827 1138 1893 uelit
1162 1829 1303 1895 cubandi
1328 1838 1361 1894 et

183 1933 364 1998 accubamli
387 1952 449 1998 uox
473 1933 714 2013 intellegamus,
739 1933 927 1999 conferendi
952 1941 1030 2000 sunt
1055 1954 1185 2002 uersus:

291 2039 372 2106 Asin
406 2039 472 2107 830
496 2035 531 2100 si
550 2034 629 2102 haec
653 2057 740 2103 nunc
763 2058 885 2103 mecum
904 2035 1052 2115 accubat,
1072 2040 1137 2110 832
1162 2045 1237 2123 quio
1256 2046 1359 2108 tecum

184 2143 331 2222 accubat,
362 2147 427 2215 834
472 2168 529 2229 ooo
567 2167 638 2229 erqo
677 2147 731 2212 boc
762 2149 914 2230 uyitcnous
945 2151 1192 2217 conuiuium.
1223 2151 1259 2217 cf
1284 2150 1360 2232 878,

184 2255 259 2322 923.
307 2259 414 2323 Bacch
457 2255 521 2323 896
552 2261 588 2319 ut
610 2255 662 2318 ute
691 2274 761 2318 cunt
792 2255 849 2319 iliu
872 2274 969 2337 neque
992 2255 1083 2319 cubui
1105 2277 1202 2337 nequo
1222 2257 1361 2322 conmutat

183 2383 279 2443 noque
309 2363 495 2426 ausculoton·
520 2383 617 2443 noque
647 2361 729 2426 illusi
752 2362 834 2442 quod
856 2363 918 2426 clici
937 2363 1057 2438 (baud)
1076 2363 1160 2437 solet,
1185 2384 1246 2446 quo
1264 2385 1361 2432 uersu

184 2490 254 2537 cum
294 2472 463 2536 uocabulis
494 2469 577 2534 illud
601 2469 684 2550 quod
715 2469 777 2532 dici
797 2467 913 2544 (houd)
934 2469 1008 2533 solet
1028 2471 1234 2537 concubitum
1259 2471 1361 2552 signi·

183 2578 275 2644 ficari
299 2583 449 2660 oporteat
473 2573 519 2658 (cf
541 2578 651 2642 Pseud
675 2575 764 2656 215),
789 2577 929 2643 cubandi
954 2579 1055 2643 uerbo
1074 2577 1279 2645 concubitum
1296 2599 1359 2644 non

184 2686 363 2767 significari
389 2685 486 2751 facilc
510 2683 723 2765 intellegitur.
750 2686 824 2749 Men
845 2682 909 2750 367
932 2683 1161 2763 prandium
1184 2688 1220 2746 nt
1243 2685 1362 2748 iuscbti

184 2791 233 2855 bic
264 2796 451 2855 curutumst:
483 2785 539 2854 ubi
569 2785 650 2864 libet,
685 2793 730 2854 irc
758 2790 826 2861 licet
853 2788 1036 2855 occubitum.
1086 2790 1143 2856 Mil
1167 2788 1232 2857 753
1251 2791 1361 2854 nubiti

184 2899 281 2962 solent
309 2899 434 2978 quondo
470 2897 645 2970 occubuere,
686 2896 740 2959 uini
771 2916 867 2960 cono
899 2898 1080 2976 appositam,
1108 2897 1216 2964 dicere.
1273 2901 1361 2964 Most

186 3006 227 3072 43
251 3026 349 3086 neque
379 3001 521 3085 superzbr
544 3025 638 3086 qucum
660 3024 731 3068 crus
753 3003 939 3072 occumberet.
973 3007 1060 3071 Most
1083 3004 1158 3085 308,
1183 3003 1258 3085 309,
1284 3005 1359 3085 326,

186 3113 261 3194 341,
287 3113 363 3180 343.
390 3117 469 3179 Pers
481 3112 545 3179 767
568 3112 710 3176 occumbo
727 3160 734 3175 .
753 3165 759 3179 .
780 3163 787 3178 .
805 3113 875 3175 duic
894 3133 1010 3193 aquom
1031 3112 1192 3176 munibus:
1215 3114 1360 3192 opponite

185 3240 333 3285 mensum.
381 3220 472 3286 Stich
499 3219 563 3288 487
586 3240 698 3284 uorum
722 3219 771 3284 bic
794 3219 881 3300 opud
902 3239 950 3282 noc
973 3224 1119 3283 cenant
1134 3220 1231 3282 alicui
1249 3239 1360 3283 nouom

190 3327 252 3392 Ge:
278 3327 356 3391 Hoc
372 3327 497 3408 postulo
517 3323 656 3408 equidem
679 3348 726 3390 mc
749 3329 784 3390 iu
808 3327 882 3390 lecto
896 3325 1081 3399 occumbere,
1099 3325 1174 3405 493,
1190 3324 1265 3407 569,
1283 3326 1358 3408 750,

187 3436 268 3501 'Prin
293 3434 367 3513 473,
398 3435 515 3517 quibus
540 3435 688 3501 omnibns
713 3435 753 3500 dc
777 3434 935 3500 conuiuiis
960 3434 1080 3516 agitur.
1106 3454 1189 3516 quae
1214 3453 1285 3501 cum
1310 3433 1358 3500 ita

186 3543 262 3620 sint,
287 3561 327 3608 nc
352 3543 399 3608 cis
423 3542 550 3624 quidem
576 3541 665 3621 locis,
690 3541 806 3623 quibus
831 3541 970 3607 cubandi
992 3543 1126 3607 uerbum
1152 3541 1356 3607 concubitum

186 3650 363 3731 significat,
396 3656 433 3714 ut
460 3650 545 3715 Cunc
574 3647 616 3714 57
646 3669 742 3728 noque
776 3647 848 3711 dum
874 3646 990 3710 cubitat
1009 3665 1079 3709 cum
1102 3647 1184 3710 uiris
1207 3648 1269 3714 Cas
1293 3645 1358 3713 339

185 3762 220 3818 ot
250 3775 304 3837 eoo
332 3775 402 3819 cum
432 3755 548 3820 Occium
577 3755 689 3828 cubum,
715 3775 794 3821 uera
817 3755 1016 3838 significatio
1040 3774 1112 3820 esse
1135 3755 1277 3834 uidetur,
1302 3754 1358 3819 scd

186 3871 349 3946 tamquam
375 3884 431 3946 per
447 3863 695 3944 eunincmismum
721 3861 801 3946 dici3
825 3862 859 3927 cf
880 3863 942 3928 Cas
966 3859 1031 3928 482
1054 3880 1124 3923 mco
1143 3880 1225 3925 umor
1239 3860 1359 3923 uocabit

185 3970 244 4034 buc
276 3990 344 4033 eum
375 3969 420 4032 ud
448 3989 479 4033 se
501 3971 535 4032 in
559 3969 696 4048 nuptias,
720 3973 756 4032 ot
777 3967 826 4031 bic
848 3969 889 4030 sit
911 3987 1021 4040 secum,
1043 3986 1075 4030 sc
1096 3967 1236 4041 adiuuet,
1257 3987 1359 4031 secum

185 4077 281 4144 cubet.
328 4078 391 4143 Cas
415 4075 497 4162 4843
523 4077 606 4142 Ounc
630 4075 672 4142 76
697 4095 778 4139 nnus
800 4074 849 4138 bic
872 4073 946 4138 solet
968 4073 1079 4137 cubare
1102 4073 1358 4142 costosbii1470

186 4186 219 4247 in
235 4184 309 4248 lecto
325 4183 423 4256 cubui,
440 4182 516 4261 484,
533 4184 587 4249 ubi
605 4186 725 4249 cubare
742 4183 823 4249 nibil
840 4181 929 4249 aliud
946 4181 1113 4264 significat
1130 4182 1192 4248 nisi
1210 4190 1357 4248 nostrum

185 4290 293 4373 licum,
317 4288 463 4371 sciolusco.
499 4310 538 4356 ne
555 4290 789 4372 complectendi
808 4290 935 4371 quidem
951 4296 1009 4354 nut
1025 4288 1243 4371 amplectendi
1260 4291 1359 4354 uerbo

1075 4409 1091 4464 3
