3382 4794
859 389 1074 458 ..42-

385 592 536 658 lemmate
559 592 600 656 ab
629 606 707 674 erqo
735 593 835 658 ordiri
865 613 964 676 supro
994 596 1140 663 uiuimus.
1188 599 1265 678 quio
1290 593 1444 682 minime,
1472 601 1556 681 quod

386 698 535 762 Sostrata
569 697 668 779 dioit,
702 698 763 763 sibi
798 702 915 782 uellet,
949 701 1012 768 iam
1046 704 1373 772 demonstrauimus..
1397 709 1482 787 quod
1517 709 1555 773 ad

386 804 570 886 Eugruphii
601 805 844 874 adnotationem
878 810 1035 892 pertinet,
1063 812 1136 877 ideo
1175 832 1256 878 noue
1282 813 1404 878 unetos
1431 810 1557 878 duumo

385 911 524 992 positum
550 931 621 976 esse
645 913 827 994 aduolauit,
853 916 935 996 quod
960 918 1083 983 oeulos
1110 912 1226 983 l'hero's
1256 922 1343 986 'lhuo
1377 918 1452 1002 384,
1482 921 1556 1003 516,

384 1026 507 1091 unetos
534 1020 654 1092 liberto
688 1030 767 1096 Pers
798 1030 863 1098 484
892 1034 945 1100 uel
974 1035 1041 1100 lule
1065 1035 1142 1116 quid
1167 1036 1230 1101 diei
1255 1038 1349 1118 solet,
1373 1037 1425 1102 hio
1447 1045 1556 1103 autem

384 1130 511 1198 deterreo
555 1134 678 1199 (zoelus
705 1150 761 1212 per
785 1131 888 1198 ionum
916 1131 1037 1198 dictum
1072 1141 1133 1215 est,
1170 1155 1231 1215 quo
1266 1135 1364 1200 filium
1390 1136 1556 1202 iuuentem

384 1237 516 1314 propter
541 1233 647 1298 dotem
673 1229 723 1312 (of
745 1229 907 1296 Dziatzko
937 1231 978 1296 ad
1000 1232 1117 1297 Phorm
1143 1231 1396 1310 othonorum
1421 1254 1491 1300 esse
1508 1236 1557 1300 uel

384 1339 471 1420 petri
501 1339 550 1404 uel
575 1338 753 1421 Clitiphoni
783 1337 994 1416 significetur.
1042 1339 1257 1420 Clitiphonem
1287 1349 1322 1405 ut
1348 1341 1556 1424 Eugraphius

384 1447 563 1527 significari
587 1451 728 1527 putaret,
754 1445 850 1510 leoile
876 1445 946 1512 fieri
969 1447 1085 1528 potuit.
1134 1448 1325 1512 Terentium
1351 1467 1427 1513 uero
1448 1455 1555 1515 utrum

384 1553 533 1636 intellegi
556 1553 708 1635 uoluerit,
733 1573 894 1635 uunquam
920 1553 1087 1634 quisquam
1114 1553 1296 1620 diiudicare
1315 1555 1449 1637 poterit.

750 1767 781 1833 2.
807 1770 910 1834 Haut
940 1766 1200 1834 1060-1066.

491 1876 641 1942 Chremes
664 1882 759 1958 pater
783 1875 962 1956 Clitiphoui
985 1875 1051 1941 filio
1074 1876 1180 1941 omnia
1205 1895 1286 1956 ullae
1306 1877 1361 1942 ille
1378 1879 1475 1944 uellet
1490 1879 1554 1945 fau·

384 1992 490 2050 turum
513 2004 547 2049 se
572 2004 642 2049 esse
665 1982 820 2066 pollioit0,
846 1991 882 2048 ut
905 2003 1037 2048 uxorem
1056 1984 1198 2063 duceret,
1217 1985 1395 2065 praecepit.
1413 1985 1555 2067 Clitipho
1665 2019 1666 2064 ξ

383 2110 459 2156 uero
491 2090 583 2171 quasi
617 2110 766 2171 magmrm
801 2091 918 2157 molum
951 2090 1188 2171 deprecaturus
1229 2091 1309 2156 nihil
1355 2092 1418 2157 uisi
1453 2093 1555 2175 potor

383 2199 575 2280 respondet,
603 2218 624 2262 a
654 2205 758 2264 matre
783 2199 907 2263 demum
933 2206 966 2262 et
990 2218 1009 2262 a
1034 2198 1219 2262 Menedemo
1243 2198 1403 2263 adductus
1423 2187 1554 2275 socium

383 2306 489 2386 inquit
507 2304 621 2390 locutor.
654 2311 719 2371 tum
745 2305 771 2368 si
797 2306 924 2371 codices
955 2305 1175 2386 editionesqne
1199 2306 1378 2387 sequimur,
1402 2305 1553 2372 Sostrata

384 2420 488 2480 meter
505 2412 608 2493 ‚quate
636 2406 685 2475 mi
714 2412 821 2493 inquit
849 2428 906 2493 epo
937 2407 998 2496 pol
1034 2405 1093 2476 olor·
1137 2405 1221 2476 dubo
1257 2405 1354 2475 illum
1391 2407 1551 2496 lepidum,
1664 2435 1665 2438 ¹

382 2545 487 2613 quum
515 2528 553 2592 tu
577 2521 681 2610 {uelle
710 2546 814 2611 lomes,
841 2522 953 2610 fllium
981 2520 1219 2593 Phuuoerulue
1246 2521 1365 2592 nostri.
1396 2549 1491 2610 quam
1519 2540 1553 2594 ut

384 2637 483 2701 ducat
520 2635 591 2701 fieri
623 2635 752 2701 omnino
786 2655 848 2701 non
883 2654 974 2716 posse
1009 2635 1149 2717 Clitipho
1182 2653 1251 2700 uon
1272 2651 1416 2718 possum
1438 2637 1550 2719 poter.

383 2744 537 2810 Chremes
560 2764 656 2825 porro
681 2736 769 2826 heio,
809 2743 848 2807 nl
884 2737 1021 2823 elepous
1058 2743 1117 2824 est,
1155 2738 1275 2808 crodos
1312 2737 1471 2806 <hulmum
1508 2737 1553 2806 lhr'

383 2866 464 2914 esse.
495 2852 646 2918 Sostrata
683 2845 791 2914 ullum
819 2843 903 2914 dubo
919 2850 1027 2915 dicere
1044 2850 1162 2932 pergit.
1178 2852 1234 2915 sed
1253 2850 1408 2930 Clitipho,
1425 2851 1552 2931 quando
1663 2853 1664 2858 ’

383 2958 511 3037 quidem
542 2978 624 3025 uxor
647 2960 691 3025 sit
714 2958 871 3037 ducenda,
900 2957 1080 3022 Arehonhli
1104 2957 1204 3023 filiam
1228 2977 1262 3023 se
1287 2959 1458 3023 (lucturum
1484 2977 1552 3023 esse

382 3067 573 3147 parentibus
598 3064 883 3147 comprobantibus
906 3063 1064 3130 declaret.

490 3173 606 3238 Mirum
633 3173 692 3238 hoo
715 3174 783 3237 loco
809 3171 887 3237 mihi
917 3170 1059 3236 uidetur:

490 3290 746 3371 primumquod
770 3309 799 3352 m
815 3296 915 3353 ater
943 3287 1008 3352 filio
1032 3307 1161 3353 uxorem
1192 3308 1227 3352 se
1252 3288 1332 3353 dere
1357 3287 1458 3370 dicit,
1481 3308 1551 3353 uem

383 3398 501 3461 ceteris
527 3396 683 3462 eiusmodi
708 3395 788 3461 loeis
810 3403 965 3476 patres
993 3415 1121 3476 semper
1150 3415 1280 3462 uxorem
1312 3395 1378 3460 filio
1403 3396 1497 3475 ‹lunt3
1523 3394 1553 3458 ol

385 3505 476 3570 Aullr
509 3501 581 3584 102,
607 3505 724 3569 Phorm
750 3501 826 3585 925,
841 3505 910 3568 Heu
921 3500 995 3581 124,
1020 3503 1070 3567 Ad
1095 3500 1170 3582 735,
1196 3499 1353 3582 cisthon,
1371 3504 1458 3568 Most
1478 3499 1551 3578 758,

384 3610 478 3677 1027.
506 3621 621 3677 eontra
646 3614 728 3677 hano
753 3611 948 3676 senteutiam
966 3610 1036 3675 Heu
1052 3607 1117 3674 ulo
1141 3630 1171 3690 q.
1197 3628 1222 3674 s.
1247 3609 1365 3675 afferre
1382 3629 1445 3674 nou
1463 3610 1551 3674 lieet:

385 3737 457 3782 num
484 3719 543 3782 hoe
559 3719 628 3784 looo
647 3720 773 3784 Luohes
788 3719 838 3782 ira
855 3717 1012 3798 impulsus
1028 3716 1147 3781 iniuste
1162 3735 1292 3781 uxorem
1311 3715 1478 3797 obiurgst3
1496 3717 1551 3781 sed

383 3825 489 3905 qualis
514 3845 566 3890 res
591 3825 702 3906 fuerit,
736 3827 982 3890 aPurmenone
1016 3823 1049 3888 in
1081 3823 1190 3888 neutri
1226 3822 1369 3888 fauorem
1394 3822 1550 3888 inclinato

384 3931 540 3998 certiores
564 3933 646 3998 loeti
670 3951 780 3998 sumus
800 3933 871 3997 Heu
897 3930 959 3995 116
984 3950 1004 4010 q
1028 3950 1054 4010 S,
1080 3927 1153 4010 120,
1178 3927 1252 3995 123.

490 4048 617 4129 deiude,
642 4049 738 4130 quod,
762 4057 899 4114 mater
916 4066 998 4126 quoe
1023 4047 1161 4126 dixerat,
1187 4051 1383 4128 aspernatus
1408 4046 1550 4128 Clitipho

386 4162 465 4228 dicit
494 4179 564 4228 nou
586 4179 729 4248 possunt
752 4164 882 4246 puter.
914 4170 1018 4228 mater
1048 4161 1154 4242 potius
1179 4161 1374 4242 appellanda
1401 4168 1472 4227 eret
1497 4167 1553 4227 aut
