3382 4794
665 373 881 442 ..39-

509 565 555 646 11.
585 566 642 646 De
671 565 888 646 nonnullis
918 565 1039 646 louis.

636 725 912 795 1.Haur62a

296 837 332 901 In
359 835 469 900 oodioe
492 839 520 901 A
544 835 699 916 scripturn
725 835 885 900 uidemus:

939 942 985 1016 A.
1016 945 1093 1016 Soio
1121 947 1207 1037 quill
1230 945 1355 1040 tenoris

188 1070 376 1141 Sustulisti.
440 1081 472 1144 -Θ
501 1071 550 1141 sio
578 1070 784 1159 estfactum
812 1071 857 1140 B.
876 1071 1016 1142 domiuo
1032 1066 1111 1163 eino
1139 1093 1220 1142 erus
1236 1074 1362 1143 doruuo

296 1202 418 1267 ouotus
446 1197 523 1286 e(st)

188 1332 211 1394 Θ
253 1320 396 1391 minime
425 1344 455 1410 q.
486 1342 512 1391 s.

295 1434 330 1505 A
354 1453 431 1508 nota
455 1443 649 1526 Chremetis,
686 1449 709 1511 Θ
740 1445 922 1524 Sostratae,
955 1438 991 1507 B
1014 1445 1090 1526 Syri
1122 1464 1292 1527 personam
1321 1445 1362 1509 si-

189 1551 357 1631 gnificant.
375 1551 476 1615 aeteri
494 1551 621 1616 eodioes
638 1552 736 1616 etiam
752 1543 802 1614 sio
829 1551 877 1615 est
902 1544 1036 1631 furiunt
1055 1553 1137 1632 Syro
1163 1553 1362 1633 attribuunt;

189 1662 246 1724 hos
271 1677 379 1723 onmes
404 1677 483 1738 qnos
507 1659 582 1723 noni
607 1659 751 1724 editores
774 1658 878 1722 seonti
902 1666 979 1723 snnt
998 1665 1130 1739 praeter
1146 1658 1360 1725 Reinholdnm

190 1766 303 1846 Klotu;
331 1784 440 1845 quem,
469 1774 505 1829 nt
537 1766 656 1830 eodiois
683 1769 708 1832 Α
732 1765 902 1830 lectionem
929 1773 1066 1847 teneret,
1091 1786 1130 1832 ea
1154 1784 1254 1831 eausa
1278 1786 1362 1832 oom-

189 1879 307 1938 motnm
333 1891 404 1936 esse
429 1873 586 1952 suspicor,
612 1873 696 1952 qnod
720 1907 763 1913 —
788 1873 899 1937 eodem
925 1892 1038 1938 errore
1055 1872 1222 1939 Bentleius
1247 1880 1362 1954 eaptus

188 1988 260 2044 erat
291 2012 320 2020 -
352 1979 535 2044 Sostratam
568 1998 604 2044 re
637 1997 715 2044 nera
748 1980 886 2059 puellam
912 1980 1084 2045 sustulisse
1110 1981 1258 2060 pntabat.
1304 1980 1361 2045 sed

189 2088 272 2150 hano
309 2084 593 2150 ratiocinationem
628 2087 744 2151 falsam
778 2105 849 2150 esse
875 2106 916 2150 ex
939 2087 1088 2151 rrooabuli
1111 2086 1246 2151 tollendi
1271 2087 1303 2151 ni
1328 2096 1361 2151 et

187 2222 245 2267 usn
271 2201 428 2281 efficitur3
453 2201 659 2267 conferamus
683 2202 753 2267 (list
778 2199 841 2268 123
888 2217 971 2266 uum
1018 2195 1124 2266 illuuo
1165 2216 1227 2284 690
1268 2196 1359 2284 otiu,

186 2335 274 2402 quoa
302 2311 382 2381 liiuo
407 2311 494 2399 Jlous
522 2311 615 2400 odiit,
647 2312 831 2400 paruolum
853 2312 1009 2401 puellum
1031 2312 1223 2400 proiectum
1238 2335 1279 2382 eu
1299 2335 1361 2382 ou-

183 2428 323 2517 oiportu
366 2427 500 2498 sustuli.
528 2435 597 2499 Oist
621 2433 685 2500 166
730 2429 790 2497 dot
827 2449 903 2498 eum
930 2428 1086 2517 puellum
1116 2427 1147 2497 ei
1175 2450 1275 2497 seruo
1303 2451 1360 2498 eu-

182 2546 378 2634 uouendum
398 2546 444 2613 ud
462 2567 587 2614 ueooui.
624 2545 655 2614 is
674 2566 750 2614 eous
762 2543 919 2633 proiecit,
941 2543 1023 2614 loeo
1035 2544 1191 2633 puellum
1210 2544 1358 2615 sustulit·

187 2667 258 2732 Cist
297 2664 360 2732 186
402 2659 433 2730 si
474 2660 602 2749 possiet
647 2660 859 2731 meretricem
905 2659 1002 2729 illum
1045 2660 1217 2748 inuenire,
1255 2682 1360 2750 quoru

186 2777 265 2847 oliui
311 2776 435 2863 tollere,
475 2799 575 2866 quoru
613 2776 686 2866 ipsa
721 2775 914 2865 oupouolut,
953 2797 994 2845 eu
1030 2774 1172 2845 insidiis
1208 2775 1357 2847 uiderat.

187 2900 256 2964 Cist
283 2896 347 2964 618
402 2913 478 2961 euru
509 2899 693 2982 postquam
725 2891 872 2981 perierit,
908 2891 1010 2962 iussit
1040 2914 1197 2981 nuruum
1232 2892 1357 2982 proici.

186 3031 243 3098 eoo
270 3031 346 3079 oum
368 3007 512 3098 proieci,
543 3008 614 3078 olio
642 3007 768 3077 mulier
795 3007 943 3078 sustulit.
971 3015 1046 3077 lien
1070 3011 1113 3078 33
1159 3007 1360 3098 pueriliter

186 3125 337 3194 domiuus
373 3123 550 3194 aberrauit
584 3147 606 3194 o
637 3129 751 3213 putre.
823 3122 1114 3212 Epidamniensis
1142 3123 1285 3213 quidum
1312 3123 1359 3194 idi

185 3247 354 3311 mercator
382 3239 463 3326 fuit.
502 3239 533 3309 is
566 3262 718 3328 uiuorum
747 3239 841 3310 tollit.
873 3245 961 3309 Troo
984 3243 1048 3311 399
1085 3239 1116 3309 si
1143 3240 1233 3328 ouool
1253 3261 1358 3329 pope-

184 3357 317 3444 iissem,
346 3379 416 3426 nou
443 3377 613 3442 uoourem,
644 3355 866 3426 attollerem.
899 3364 989 3427 Andr
1025 3359 1090 3427 219
1113 3355 1284 3444 quidquid
1297 3377 1358 3444 pe-

179 3472 338 3562 perisset,
368 3473 598 3542 decreuerunt
625 3471 748 3542 tollore.

293 3604 384 3669 Talis
415 3603 519 3684 igitur
549 3622 624 3668 usus
655 3610 705 3668 est
742 3603 887 3669 dicendi:
919 3605 1072 3670 Chremes
1104 3602 1242 3685 puellam
1277 3622 1356 3668 non

185 3719 305 3800 tolli,
331 3720 387 3784 sed
413 3719 522 3784 necari
548 3719 652 3783 uoluit
676 3713 724 3799 (of
752 3739 770 3783 n
796 3719 860 3786 635
888 3714 919 3784 si
947 3737 1061 3783 ulouua
1089 3712 1276 3803 imperium
1300 3735 1357 3783 eu-

184 3829 280 3919 sequi
312 3828 490 3916 uoluisses,
527 3828 853 3919 interemptum
888 3830 1046 3919 oportuit,
1085 3851 1154 3900 uou
1190 3828 1357 3899 simulare

184 3952 369 4016 mortem
397 3944 522 4032 uerbis,
552 3967 590 4014 ro
618 3944 696 4034 ipsu
724 3968 818 4034 spem
845 3946 939 4016 uitae
967 3946 1078 4016 aare).
1117 3952 1268 4019 Sostrata
1285 3972 1355 4018 eum

185 4059 256 4140 ipsa
288 4059 386 4124 filiam
421 4077 540 4124 neoare
574 4059 685 4138 nollet,
720 4059 908 4125 Corinthiae
939 4059 1015 4126 anui
1045 4059 1354 4141 proiciendam

187 4167 238 4232 nel
280 4167 582 4247 exponendam
625 4166 666 4232 ad
700 4187 810 4233 necem
845 4167 952 4249 dedit;
993 4185 1101 4232 anns
1134 4167 1358 4234 misericordia
